2838 4586
545 406 638 460 ΛΝΒ
661 406 810 462 POEMS.

617 864 710 928 XVI.

301 1069 331 1134 Ο
348 1084 435 1147 QUAE
450 1069 560 1134 tendis
577 1071 639 1133 iter
654 1071 771 1154 plagas
787 1070 830 1134 ad
846 1071 963 1135 Austri

300 1190 464 1270 Hirundo,
479 1212 579 1274 super
594 1212 730 1255 aureum
747 1193 894 1256 residens

297 1312 449 1386 Tectum,
466 1334 540 1395 quae
557 1312 662 1377 resero
677 1314 738 1377 tibi
754 1313 880 1378 volanti
936 1393 939 1398 Ι

297 1434 427 1498 Nostris
443 1434 569 1498 deliciis
586 1434 669 1498 refer
684 1435 812 1516 puellae.

296 1554 358 1619 Cui
374 1565 534 1618 tu-nam
551 1556 673 1637 pariter
689 1554 838 1638 Notique
853 1565 887 1620 et
903 1556 1018 1620 Austri

296 1677 393 1740 Neisti
409 1677 893 1759 temperiem—tenebricosum

296 1799 396 1862 Hunc
413 1798 513 1875 dicaS,
530 1799 683 1863 stabilem
700 1798 775 1875 fide,
791 1799 983 1882 benignum,

294 1919 393 1983 Illum
410 1919 653 1996 flammiferum,
668 1928 805 1994 trucem,
821 1920 997 1984 infidelem.

293 2041 421 2124 Quodsi
438 2040 552 2105 radere
568 2051 677 2105 tecum
695 2042 756 2105 iter
772 2041 892 2118 liceret,

295 2165 425 2246 Lapsus
441 2185 501 2247 per
516 2163 665 2246 patulam
682 2149 768 2227 illius
784 2164 963 2228 fenestram

292 2285 392 2349 Ultro
408 2286 553 2349 carmina
570 2284 659 2347 mille
674 2285 857 2368 pipilarem,

291 2405 468 2469 AEternum
485 2406 628 2488 liquidos
644 2425 765 2468 canens
781 2426 918 2469 amores

291 2529 326 2592 Si
344 2549 430 2594 nunc
447 2528 618 2592 induerem
634 2517 904 2610 alitem'figuram

291 2651 340 2714 Ut
357 2672 410 2714 me
427 2652 488 2716 sub
504 2651 666 2733 gremium
684 2649 809 2712 foveret
825 2650 881 2713 illa
988 2695 991 2710 r

288 2772 490 2853 Exceptum,
507 2772 619 2834 niveas
633 2756 784 2834 uibrante
800 2791 929 2834 sursum

292 2892 402 2956 Cunas
418 2902 560 2975 pectore,
576 2892 681 2955 donec
699 2892 884 2955 interirem!

289 3013 358 3078 Cur
372 3012 536 3076 desiderio
553 3011 643 3075 indui
660 3021 789 3075 recusat

289 3135 418 3209 Pectus,
434 3133 541 3217 qualis
558 3133 613 3196 ubi
631 3153 733 3195 novos
749 3134 899 3209 amictus,

289 3255 450 3338 Quamvis
466 3254 561 3337 sylva
577 3254 680 3316 comis
696 3254 837 3319 virescat
853 3256 970 3330 omnis,

289 3376 341 3440 De
358 3385 409 3440 tot
425 3375 573 3438 fraxinus
590 3395 655 3438 una
671 3375 886 3439 demoratur?

288 3496 399 3560 Pullos
412 3497 483 3579 jam
499 3496 648 3559 volucres
665 3495 748 3558 refer
763 3516 898 3578 peregre

286 3615 467 3699 Aufugisse
483 3626 579 3693 tu0s;
603 3615 750 3697 mihique
765 3615 890 3678 dudum

289 3736 389 3800 Liber
403 3739 460 3821 qui
477 3736 578 3800 modo
594 3736 742 3800 luderem
758 3757 818 3818 per
833 3736 1004 3810 Austrum,
1060 3733 1063 3744 ’

288 3857 460 3922 Structum
476 3859 537 3921 sub
554 3857 659 3921 Borea
675 3856 779 3921 latere
796 3858 918 3922 nidum.
