2838 4586
487 370 581 423 Ano
603 339 754 424 ansus,

560 556 661 620 XIII.

122 715 191 793 AT,
201 716 332 792 dilecta,
344 724 439 780 tuum
456 717 499 780 ad
516 717 691 793 tumulum,
707 717 778 781 sine
794 738 958 782 marmore
972 738 1118 802 gramen,

167 840 247 902 Rite
263 859 380 901 manus
393 839 553 921 juvenum
568 841 792 922 virgineaeque
808 838 913 903 serent

124 960 242 1023 Florea
257 961 419 1041 primitias
435 969 517 1043 quot
533 961 672 1023 odorum
688 961 828 1042 parturit
843 960 932 1036 hora,

166 1081 261 1144 Veris
278 1090 312 1144 et
327 1080 482 1163 arripient
497 1081 718 1146 suaveolentis
735 1103 823 1164 opes.

124 1256 201 1320 Non
218 1258 352 1339 planctu
369 1258 505 1320 immissi
523 1258 649 1333 Manes,
667 1279 732 1321 non
749 1280 829 1323 voce
846 1258 986 1324 molesta

167 1378 351 1443 Audebunt
367 1379 430 1442 luci
443 1379 497 1462 jus
512 1381 635 1444 violare
650 1381 699 1443 tui
715 1402 722 1458 ;

124 1499 262 1562 Rustica
277 1501 336 1563 sed
351 1502 462 1564 veniet
477 1503 592 1583 pubes,
607 1512 641 1566 et
657 1501 777 1584 prodet
792 1503 918 1565 amanti

168 1621 311 1686 Plurima
327 1632 486 1686 secretam
502 1624 589 1687 victa
604 1623 715 1705 puella
730 1623 839 1686 fidem.

123 1798 201 1861 Non
217 1819 300 1862 anus
316 1799 487 1862 insistetve
502 1799 658 1875 venefica,
681 1799 772 1863 larva
787 1799 839 1863 vel
856 1800 955 1864 istum

167 1919 357 1983 Nocturnos
372 1921 471 1984 ducet
488 1941 546 2002 per
561 1940 677 1984 nemus
694 1920 761 1984 ulla
777 1921 912 2000 choros;

122 2042 172 2105 At
190 2042 369 2105 Lemurum
386 2063 503 2105 manus
518 2043 609 2105 alma
623 2043 723 2106 sacris
738 2043 930 2124 operabitur
944 2043 1062 2114 herbis.

168 2162 289 2227 Induet
305 2172 338 2226 et
355 2165 434 2226 roris
450 2184 603 2245 gemmea
619 2163 707 2226 dona
722 2163 837 2226 solum.

123 2339 213 2423 Quin
229 2341 285 2422 pia
300 2339 460 2422 gaudebit
476 2339 518 2402 de
535 2348 633 2402 nocte
649 2337 806 2403 rubecula
820 2340 927 2422 prima

167 2459 283 2524 Tenue
300 2461 516 2523 ministerium
532 2460 761 2542 suppeditasse
777 2461 856 2524 tibi:
896 2501 905 2507 --

124 2582 170 2645 Et
186 2591 275 2645 strue
291 2582 437 2645 canentis
454 2583 566 2656 musci,
583 2590 753 2662 rostroque
769 2582 891 2646 coactis

169 2703 320 2766 Floribus
336 2702 466 2765 ornabit
481 2711 580 2783 teque
595 2710 757 2783 tuumque
772 2709 890 2765 torum.

127 2877 316 2943 Horrisonis
332 2879 461 2961 quoties
472 2878 589 2953 ventis,
604 2886 705 2960 atque
721 2877 826 2941 imbre
841 2881 987 2961 crepanti

167 3001 347 3083 Agrestem
364 2999 510 3063 casulam
526 2999 658 3062 turbida
674 3009 777 3062 vexat
792 2999 917 3079 hiems;

126 3122 192 3187 Seu
210 3123 337 3186 medios
353 3123 438 3185 inter
453 3120 582 3184 diversa
597 3141 656 3202 per
671 3141 805 3203 aequora
821 3141 942 3199 cursus,

169 3243 219 3308 Te
235 3265 328 3308 mens
343 3231 523 3327 pastorum,
537 3252 572 3305 te
587 3243 642 3325 pia
657 3263 735 3307 cura
750 3243 844 3307 colet

124 3422 175 3485 Te
191 3419 263 3485 loca
279 3441 405 3484 rursum
421 3419 532 3495 oculis,
548 3440 623 3501 quae
638 3420 858 3484 semotissima
873 3421 1012 3486 reddent

170 3543 250 3607 Rite
264 3543 325 3606 tibi
337 3542 495 3625 juvenum
512 3541 658 3623 lacryma
674 3561 777 3622 prona
792 3541 908 3620 cadet3

125 3664 235 3749 Quem
252 3664 331 3727 dum
347 3664 436 3726 Vitae
452 3663 557 3726 aderit
572 3662 652 3745 quid
668 3663 819 3737 amabile,
837 3673 937 3728 restat
953 3685 1072 3741 amare,

172 3784 333 3867 Plangere
350 3783 429 3847 dum
447 3784 557 3848 Pietas
574 3784 644 3865 ipsa
661 3791 826 3865 su'perstes
843 3785 911 3849 erit.

612 3917 637 3966 D
