2838 4586
603 379 631 432 T
627 380 680 432 ΚΑ
685 379 791 435 NSLA
800 381 828 434 T
823 380 922 434 IONS

668 1007 670 1012 ,
730 940 807 1002 XX.

361 1145 455 1203 THE
488 1145 727 1204 WRESTLER
753 1144 855 1202 AND
886 1145 979 1203 THE
1010 1145 1176 1206 CLOWN.

552 1307 573 1346 A
594 1306 693 1348 nome
714 1305 798 1348 ΡοΕΜ
822 1289 889 1368 (nc.
913 1290 982 1368 545).

311 1470 438 1534 Ἄισσεν
453 1469 517 1534 ἀπὸ
533 1467 697 1556 πρῴραθεν
711 1469 921 1556 ἐϋσκάρθμοιο
936 1472 1079 1554 τριήρους

317 1589 456 1672 Κόμοτα
472 1591 685 1674 μαιμαίροντα
699 1589 752 1655 καὶ
768 1589 910 1678 ἁλμυρὸν
925 1590 1036 1656 ἔπτνεν
1050 1591 1172 1678 ἄχναν·

317 1711 374 1778 Ἐν
389 1711 414 1776 δ’
430 1712 536 1794 Αἴγων
551 1710 670 1777 οἶκόνδε
684 1713 887 1802 παλίσσυτος
901 1711 967 1795 ἦνθ
983 1712 1049 1780 ἀπὸ
1065 1716 1218 1780 Πίσας-

318 1833 425 1915 Αἴγων
440 1833 456 1896 ό
471 1831 548 1920 πρὶν
563 1833 680 1897 ἀνωθεν
694 1836 727 1898 ἐν
742 1830 837 1917 ὤρεσι
853 1833 923 1898 τοὺς
938 1833 1020 1911 βόας
1034 1834 1146 1919 ἄρδων,

313 1955 415 2020 Ἠνθε
430 1954 463 2019 δὲ
477 1954 527 2040 χώ
544 1954 665 2045 Μίλων
680 1954 939 2041 στεφανηφόρος·
963 1955 1046 2042 ἀμφὶ
1062 1956 1094 2020 δὲ
1108 1962 1227 2044 χαίτας

314 2076 434 2162 Ἄνερος
449 2075 592 2156 ἀθλήταο
607 2073 699 2157 λιγὺς
714 2080 876 2142 πνοιαῖσιν
890 2077 1039 2142 ἀπαντῶν
1138 2087 1139 2090 ’

320 2198 397 2283 Λὶψ
412 2198 532 2263 κότινον
547 2197 737 2284 φρίσσεσκε·
761 2199 844 2284 κάρα
859 2198 886 2264 δ’
902 2199 998 2264 ἔκλιν’
1013 2203 1062 2264 ἐπ’
1078 2202 1208 2288 ἀγοστῷ

314 2319 461 2406 Ὥτερος,
476 2320 613 2408 ἀτρεμας
627 2318 694 2387 αἷεν
709 2319 782 2386 ἰδὼν
796 2321 849 2386 ἐπὶ
864 2321 977 2386 οἴνοπα
990 2322 1125 2387 πόντον·

314 2443 380 2510 Ὣς
395 2443 420 2508 δ’
436 2444 499 2530 ἄρα
514 2443 667 2532 κερτομίκρ
682 2445 737 2509 τὸν
752 2441 920 2526 σύμπλοον
934 2444 1024 2529 ἤρεθε
1039 2444 1147 2532 μύθῳ·

367 2654 412 2719 Αἰ
426 2654 479 2719 οἵ·
503 2653 551 2720 τίς
564 2679 604 2736 με
617 2653 736 2719 λύκος*
751 2653 814 2737 τ,κὰρ
828 2653 993 2740 ἐσέδρακεν
1008 2654 1203 2742 ὀρθρεύοντα,

320 2777 441 2857 'Auara
456 2779 510 2863 τῷ,
527 2775 656 2855 Μίλων,
672 2777 724 2840 ὑπ’
741 2777 855 2864 ἒῦσκίῳ
870 2777 948 2842 ὅκκα
964 2778 1121 2865 Λατόμνῳ

325 2898 405 2964 Τοὺς
420 2899 547 2984 κεράονς
562 2897 645 2985 εὗρές
659 2925 699 2980 με
713 2899 794 2976 βόας
810 2900 928 2964 σεύοντ’
945 2901 997 2966 ἐπὶ
1012 2901 1144 2988 κρόνανί

318 3021 378 3096 Ἠ,
395 3021 506 3096 τάλαν,
523 3021 560 3085 οὐ
574 3019 718 3100 μέμνασ,
734 3021 786 3100 ὡς,
802 3021 915 3086 σίαλον
931 3020 966 3087 ὗν
981 3022 1036 3087 ἅτε
1050 3023 1180 3107 τρίβων,

318 3141 443 3208 “Amo
458 3145 514 3206 τοῦ
528 3136 647 3206 λασκοῦ
661 3167 700 3223 με
714 3142 899 3230 βραχίονος,
915 3142 1014 3208 timeo
1029 3143 1056 3208 τ’
1071 3143 1172 3224 ὤμων,

328 3264 421 3344 Αἴνης
437 3263 463 3328 δ’
478 3261 515 3328 ἶν’
531 3262 725 3350 ἀπέλεθρον·
747 3263 809 3347 ἐγὼ
824 3263 857 3329 δέ
870 3291 931 3343 τοι,
947 3265 1039 3348 ὄγκον
1055 3266 1170 3351 ἀείρας,

325 3384 463 3451 Αὐτόθεν
478 3386 638 3467 ὡμάρτευν
652 3388 683 3450 ἐς
697 3384 756 3451 τάν
770 3385 885 3450 πόλιν·
901 3385 934 3452 ἔν
948 3414 983 3453 τε
996 3387 1185 3478 παλαίστρᾳ

328 3509 353 3571 Γ
355 3506 504 3587 νμνωθεὶς
519 3505 687 3592 διέτριβον,
710 3504 727 3572 ό
743 3506 908 3585 βώκολοςς
931 3507 966 3573 αι’
980 3509 1024 3588 αἴ,
1040 3509 1077 3574 ὅκ
1092 3509 1128 3574 οὔ
1141 3534 1181 3592 με

328 3629 476 3709 Κρᾶθνςῒ
492 3629 665 3708 ἐπίκλυζεν,
681 3629 756 3711 πρὶν
771 3627 913 3713 ὀλέθριον
928 3629 1030 3695 ὦσδον
1045 3632 1193 3716 ἀλεῖφαρ,

329 3748 408 3814 Οίον
424 3753 476 3815 νῦν
491 3748 654 3834 ε’πίχαρμα
669 3750 735 3829 μετ’
751 3747 885 3828 ἠϊθέοισι
901 3747 1070 3832 τέτυγμαιί

449 3897 463 3922 ⁴
484 3896 564 3960 ‘Lupi
576 3896 668 3944 Moerin
678 3896 761 3945 videre
773 3896 987 3963 priores.’—Virg.
1002 3899 1056 3947 Ecl.
1072 3898 1104 3948 ix.

447 3981 466 4034 †
483 3980 537 4028 The
549 3979 613 4028 river
624 3979 652 4028 of
660 3979 698 4028 his
709 3980 792 4029 native
805 3981 905 4031 Croton
