2838 4586
625 397 652 450 T
648 395 813 449 RANSLA
821 396 848 448 T
844 394 945 450 IONS

287 1559 373 1623 Nox
390 1565 470 1632 erat,
486 1565 519 1620 et
535 1551 702 1640 placidum
720 1556 900 1638 carpebant
917 1553 1004 1620 sessa
1020 1574 1173 1637 soporem

286 1680 434 1762 Corpora
450 1699 509 1761 per
523 1687 644 1741 terras:
663 1678 832 1761 sylvaeque
849 1685 883 1740 et
899 1697 986 1739 saeva
1002 1677 1154 1760 quierant

286 1799 455 1885 AEquora:
478 1820 582 1883 quum
599 1800 710 1862 medio
725 1799 903 1862 volvuntur
917 1798 1027 1862 sidera
1042 1798 1136 1881 lapsu
1153 1819 1161 1877 ;

287 1923 400 2005 Quum
417 1929 506 1984 tacet
522 1921 630 1982 omnis
646 1940 734 2002 ager,
750 1919 905 2003 pecudes,
922 1918 1088 2002 pictaeque
1103 1918 1267 1995 volucres,

285 2044 440 2126 Quaeque
455 2042 546 2105 lacus
564 2042 630 2104 late
646 2039 800 2124 liquidos,
816 2060 959 2124 quaeque
975 2041 1078 2104 ardua
1094 2040 1205 2104 dumis

289 2166 381 2228 Rura
398 2171 523 2239 tenent,
539 2182 657 2225 somno
673 2165 791 2245 positae
808 2163 869 2226 sub
886 2172 984 2227 nocte
1000 2162 1120 2239 silenti,

289 2286 456 2349 Lenibant
471 2305 575 2361 curaS,
592 2294 625 2348 et
642 2285 792 2348 membra
808 2282 911 2348 oblita
927 2283 1088 2349 laborum.

288 2407 338 2470 At
354 2426 419 2470 non
436 2406 552 2470 infelix
568 2407 671 2469 animi
689 2404 876 2470 Phoenissa:
900 2425 1123 2489 necunquam

289 2529 437 2594 Solvitur
452 2531 484 2593 in
501 2551 645 2605 somnos,
660 2528 805 2592 oculisve
820 2536 877 2590 aut
893 2537 1027 2610 pectore
1044 2537 1175 2592 noctem

288 2652 423 2735 Accipit
438 2673 446 2730 ;
471 2653 676 2735 ingeminant
692 2671 789 2726 curae,
805 2670 980 2734 rursusque
996 2671 1168 2734 resurgens

290 2775 393 2840 Saevit
409 2795 511 2852 amor,
528 2795 717 2858 magnoque
733 2773 854 2837 irarum
871 2771 1009 2836 fluctuat
1024 2783 1117 2837 aestu.

336 3378 391 3444 Sic
407 3376 492 3442 adeo
508 3374 638 3451 insistit,
654 3396 832 3459 secumque
849 3375 895 3438 ita
910 3375 1010 3437 corde
1025 3374 1171 3438 volutat:
1266 3467 1269 3470 Ι

292 3501 364 3564 En!
387 3499 468 3583 quid
485 3497 573 3581 ago?
597 3518 750 3560 rursusne
766 3518 884 3579 procos
900 3496 991 3559 irrisa
1007 3497 1132 3579 priores

290 3621 466 3703 Experiar,
483 3618 744 3701 Nomadumque
759 3628 873 3701 petam
890 3619 1056 3683 connubia
1072 3618 1229 3701 supplex,

290 3742 384 3824 Quos
400 3763 462 3824 ego
479 3742 542 3804 sim
557 3741 657 3804 toties
670 3740 740 3822 jam
758 3740 940 3822 dedignata
957 3741 1117 3803 maritos?

291 3864 410 3927 Iliacas
427 3864 527 3946 igitur
542 3861 672 3938 classes,
689 3873 789 3946 atque
805 3863 923 3926 uitima'
940 3863 1104 3926 Teucrum
