2838 4586
491 425 585 478 AND
607 424 759 480 POEMS.

607 981 649 1046 X.

129 1185 289 1250 INCEDIT
305 1187 457 1265 formosa,
474 1197 510 1252 ut
526 1190 608 1253 Nox
623 1187 771 1252 innubila
786 1183 955 1271 quondam

173 1306 343 1371 Sideream
361 1310 465 1391 carpit
481 1309 569 1373 clara
585 1331 645 1392 per
658 1319 748 1373 astra
762 1310 859 1373 viam.

128 1427 295 1510 Quicquid
311 1439 344 1493 et
360 1431 498 1505 obscuri,
514 1431 672 1515 quicquid
688 1433 731 1495 sit
746 1431 889 1496 amabile
904 1429 995 1504 lucis,

173 1549 295 1613 Omnia
310 1552 357 1614 sic
371 1550 465 1616 vultu
482 1552 612 1616 miscuit
627 1551 685 1616 illa
700 1573 768 1627 suo,

130 1669 178 1734 Ut
195 1670 312 1735 reserat
329 1673 400 1737 miti
417 1673 530 1737 lumen
544 1673 709 1738 sublustre
725 1674 839 1750 nitore,

171 1789 247 1871 Quo
263 1791 362 1856 datur
376 1793 507 1860 ardenti
523 1813 589 1857 non
606 1793 735 1857 radiare
751 1793 814 1857 die.

128 2034 296 2098 Demseris
312 2036 390 2100 inde
402 2035 509 2118 jubar,
523 2037 593 2100 sive
608 2057 709 2101 unam
724 2035 917 2119 appinxeris
933 2040 1095 2116 umbram,

175 2156 244 2238 (Sic
259 2156 359 2221 facies
375 2158 465 2221 cultu
481 2178 549 2222 non
563 2157 726 2222 imitanda
742 2159 826 2222 nitet
838 2158 859 2241 ;)

128 2278 277 2342 Dimidio
293 2280 377 2360 perit
393 2279 450 2343 illa
464 2280 568 2343 comis
584 2300 660 2362 quae
675 2280 782 2362 gratia
798 2279 896 2343 fuscis

146 2397 150 2403 ’
173 2399 338 2474 Fluctuat,
354 2409 388 2463 et
404 2398 534 2480 placida
550 2398 624 2462 luce
639 2419 771 2481 perora
787 2400 875 2463 subit
885 2420 939 2463 :-·

128 2520 197 2583 Ora
213 2520 311 2583 bonae
327 2520 448 2582 mentis
464 2540 581 2582 suaves
597 2518 773 2583 referentia
788 2529 908 2595 motus,

172 2643 218 2705 Et
234 2651 395 2717 sanctam,
412 2642 545 2724 ingenio
560 2641 675 2704 subter
689 2639 808 2716 alente,
824 2640 969 2704 domum.

97 2863 100 2868 Ι
128 2885 235 2968 lnque
250 2884 351 2966 genis,
368 2883 576 2965 frontemque
591 2900 690 2964 super
703 2889 774 2944 tam
791 2881 890 2946 molle
905 2891 1103 2958 comantem,

172 3008 258 3070 Tam
274 3006 408 3090 plenam
425 3005 564 3088 eloquio,
581 3004 764 3089 quamlibet
779 3003 851 3086 ipsa
866 3002 949 3080 silet,

128 3130 230 3193 Risus
245 3127 436 3192 amabiliter.
447 3126 573 3201 ludens,
589 3126 705 3210 visque
720 3124 776 3189 illa
791 3125 949 3202 colorum,

173 3250 305 3313 indicat
320 3257 460 3314 exactos
475 3247 687 3329 simplicitate
702 3247 794 3324 dies;

129 3369 260 3436 indicat
277 3369 424 3432 immotae
439 3387 515 3450 quae
531 3367 574 3430 sit
589 3365 765 3430 concordia
781 3367 910 3442 mentis,

172 3489 317 3573 Virginis
333 3496 370 3553 ut
386 3509 468 3571 puro
483 3495 617 3571 pectore
633 3494 745 3551 manet
761 3506 861 3550 amor.
