2838 4586
525 367 618 420 ΛΝΒ
641 368 793 423 POEMS.

157 541 312 605 Vidimus
328 552 361 607 et
378 541 501 607 sormas
517 545 728 628 scopulorum
744 546 888 610 culmina
906 546 938 608 in
955 566 1071 609 omnes

201 663 348 739 Vertere,
362 673 395 728 et
411 666 559 730 obscuris
574 667 699 749 oppida
715 669 802 731 celsa
815 669 904 751 jugis
918 691 926 747 ;

159 785 297 868 Propter
313 796 346 849 et
361 786 506 853 Arctoas
521 791 607 852 vecti
624 789 724 872 longo
740 792 855 855 ordine
870 800 993 865 cautes,

203 909 367 991 Prataque
382 931 457 993 quae
473 912 585 994 gelido
601 934 673 976 rore
689 915 796 996 rigata
811 915 925 977 virent.

155 1028 363 1096 'Immensum
377 1033 447 1115 jam
465 1037 552 1098 nacti
570 1036 688 1099 Oriens
704 1047 738 1100 et
755 1037 887 1099 mollius
902 1057 1016 1119 aequor

203 1153 332 1217 Ultima
348 1156 470 1236 pernici
487 1157 667 1220 scindimus
684 1179 748 1222 aere
765 1158 857 1235 freta,

156 1273 233 1358 Qud
248 1277 354 1358 caryis
370 1287 444 1341 sata
459 1299 544 1342 saxa
560 1289 594 1342 et
609 1290 758 1344 aromate
773 1280 866 1345 littus
882 1282 1022 1344 odorum

202 1396 327 1460 Proluit
343 1399 479 1461 immani
497 1399 625 1482 longior
641 1402 730 1464 unda
744 1403 827 1465 sinu.

156 1546 329 1613 Interdum
345 1552 449 1632 ruptis
463 1552 544 1634 juga
560 1553 647 1616 celsa
663 1554 779 1617 ardere
795 1554 941 1629 caminis,

200 1671 329 1735 Littora
345 1672 396 1735 vel
413 1672 527 1736 nimbo
544 1684 689 1738 sternere
704 1696 825 1757 quassa
842 1696 910 1748 suo,

155 1793 247 1856 Dum
264 1794 346 1856 cinis
363 1794 396 1856 in
413 1795 510 1875 pinus
527 1794 644 1858 faciem
660 1806 797 1859 curvata
812 1797 976 1859 comantis

200 1914 347 1978 Vulturis
365 1925 401 1978 ut
416 1917 493 1979 tetri
508 1917 675 1999 spargitur
690 1917 743 1980 ala
760 1918 867 1999 polo*

154 2036 293 2118 Propter
308 2056 480 2099 arenarum
497 2046 630 2113 tractus,
647 2059 849 2121 camposque
864 2048 1025 2120 tepentes

200 2157 361 2239 Ostiaque
377 2159 487 2221 effusis
503 2160 723 2241 praevehimur
738 2159 844 2223 fluviis
858 2182 867 2236 3

152 2277 199 2340 Et
214 2276 315 2340 colles
331 2279 505 2361 mixtoque
521 2281 675 2343 rubentes
693 2282 816 2344 murice
831 2281 935 2343 saltus

197 2398 383 2463 Hausimus
399 2400 548 2462 oblatum
566 2400 690 2464 lumine
706 2421 874 2484 quemque
890 2401 988 2465 brevi.

152 2555 183 2619 O
201 2564 305 2637 quota
320 2564 391 2618 tum
408 2554 515 2630 tellus,
531 2564 613 2637 quot
630 2555 712 2618 ditia
728 2555 839 2618 littora
855 2566 975 2636 praeter

197 2676 348 2738 Flumine
364 2697 423 2738 ceu
440 2675 535 2739 celeri
552 2675 645 2757 lapsa
662 2676 765 2738 nitere
781 2675 904 2738 ratem!

149 2799 227 2881 Jam
243 2799 343 2880 vulgo
359 2799 500 2861 ardescit
516 2798 662 2880 pelagus,
680 2798 818 2879 vestigia
835 2777 930 2860 caecis

198 2919 301 3001 ignea
313 2920 384 3001 jam
401 2920 510 3000 signat
526 2928 621 3000 rapta
637 2919 747 2981 carina
763 2918 861 2982 fretis.

149 3040 293 3122 Jamque
309 3040 400 3102 sinus
416 3040 567 3120 linquens
584 3038 883 3121 Nympharumque
898 3048 992 3102 antra
1006 3041 1149 3114 reducta,

198 3161 342 3224 Emicuit
358 3181 468 3242 parvae
485 3159 638 3241 sculptile
654 3160 759 3223 lintris
775 3182 869 3243 opus,

153 3283 322 3363 Pomaque
337 3281 538 3364 deliciasque
555 3281 642 3343 ultro
658 3281 821 3363 floresque
837 3281 996 3344 vehebat:

197 3404 246 3466 At
262 3403 350 3465 dona
366 3381 534 3484 inceptum
551 3402 641 3464 nulla
657 3411 828 3465 morantur
843 3404 911 3464 iter.

186 3541 200 3565 ⁴*
219 3539 283 3588 Plini
300 3539 379 3602 Epist.
399 3539 431 3587 vi,
455 3537 502 3587 16:
526 3538 621 3597 Nubes,
641 3537 761 3586 incertum
780 3537 867 3600 procul
884 3537 1034 3585 intuentibus
1051 3553 1080 3586 ex
1098 3556 1148 3602 quo

151 3631 237 3671 monte
256 3622 402 3683 (Vesuvium
425 3621 499 3668 fuisse
515 3629 602 3684 postea
619 3620 745 3683 cognitum
762 3621 818 3680 est),
838 3619 970 3678 oriebatur,
990 3620 1059 3683 cujus
1081 3623 1148 3684 qimi·

151 3704 282 3753 litudinem
300 3712 324 3751 et
343 3703 448 3750 sormam
470 3718 521 3750 non
543 3703 592 3750 alia
612 3702 690 3765 magis
708 3702 782 3749 arbor
801 3717 876 3764 quam
896 3702 969 3764 pinus
992 3705 1144 3766 expresserit.

153 3788 221 3834 Nam
233 3785 376 3848 longissimo
388 3784 455 3833 velut
467 3792 553 3833 trunco
565 3784 630 3832 elata
642 3784 667 3831 in
678 3784 757 3832 altum
774 3783 922 3846 quibusdam
939 3784 1014 3832 ramis
1025 3785 1148 3834 diffunde·

152 3871 233 3928 batur,
248 3869 329 3928 credo,
350 3868 408 3931 quia
425 3868 517 3916 recenti
534 3867 620 3930 spiritu
637 3874 729 3926 evecta,
750 3866 807 3914 dein
825 3878 967 3916 senescente
984 3883 1014 3916 eo
1030 3868 1147 3916 destituta

153 3961 197 4002 aut
209 3953 286 4000 etiam
296 3951 408 4015 pondere
419 3966 464 4000 suo
475 3951 541 3998 victa
552 3950 578 3997 in
589 3950 744 3998 latitudinem
756 3950 911 3998 vanescebat.
