2838 4586
521 387 615 440 AND
637 386 801 442 POEMs„

608 1147 708 1214 VIII.

155 1350 257 1434 QUID
273 1351 456 1437 lacrymae?
479 1374 546 1435 quo
561 1353 698 1417 tandem
715 1361 789 1418 ortu
805 1351 984 1417 volvuntur
998 1351 1136 1414 inanes?

155 1473 277 1539 Nescio
293 1496 361 1558 quo
376 1476 485 1540 luctus
501 1475 603 1538 divini
619 1476 751 1558 gurgite
767 1483 857 1540 natae

154 1595 221 1658 Cor
235 1595 301 1659 illae
317 1597 455 1672 subiere,
472 1606 506 1661 et
521 1596 647 1661 obortis
663 1596 790 1660 lumina
804 1595 975 1680 complent

154 1719 323 1796 Fontibus,
338 1719 515 1784 Autumno
530 1719 662 1801 quoties
677 1718 755 1783 laeta
770 1740 849 1783 arva
863 1719 988 1783 tuentis
1023 1807 1024 1810 Ἴ

152 1841 242 1904 Acta
258 1841 329 1905 dies
345 1842 456 1905 subita
468 1848 639 1923 pertentat
655 1839 799 1924 imagine
815 1849 969 1906 mentem.

153 1962 270 2044 Qualis
286 1964 374 2027 enim
390 1962 450 2027 lux
466 1983 566 2027 suave
582 1963 683 2026 micat
698 1984 757 2046 per
772 1963 915 2027 candida
928 1961 1071 2047 primum

155 2083 301 2149 Carbasa
317 2086 360 2148 ab
377 2084 495 2148 exsilio
510 2084 659 2148 subvecti
676 2083 792 2148 nuntia
807 2084 914 2160 amici,

154 2204 200 2268 Et
216 2226 291 2288 quae
308 2205 456 2288 digressu
473 2214 594 2269 moesto
610 2225 668 2286 per
683 2204 756 2268 vela
772 2206 916 2269 rubescit

154 2327 281 2403 Altera,
296 2328 376 2391 dum
392 2327 506 2391 condit
522 2326 658 2409 pelagus
674 2326 858 2406 carissima;
882 2336 1003 2390 moesta
1125 2391 1127 2398 ,

155 2448 211 2513 Sic
227 2449 312 2513 redit
327 2448 385 2512 illa
399 2449 480 2524 dies,
495 2449 541 2511 sic
557 2467 692 2511 suavem
709 2446 825 2511 induta
840 2441 993 2512 colbrem.

153 2571 207 2633 Ac
222 2570 314 2634 velut
330 2570 507 2666 obscurum
522 2569 580 2632 vix
597 2577 791 2666 experrecta
805 2569 868 2631 sub
883 2573 993 2633 ortum

142 2689 263 2754 ‘Saecla
278 2690 388 2753 avium
405 2690 552 2752 insuetos
567 2687 671 2752 edunt
687 2687 856 2751 morientis
871 2689 914 2751 ad
931 2677 1026 2752 aures

155 2811 434 2876 Concentus-illi
451 2819 529 2874 ante
544 2809 657 2874 oculos
673 2809 829 2874 miscetur
843 2809 972 2886 inertes,

156 2931 406 3014 Sublustrisque
422 2939 516 2994 natat
531 2930 662 3013 trepido
677 2927 847 3011 speculare
863 2929 1051 2995 fenestra-

156 3055 212 3120 Sic
228 3055 357 3119 insueta
372 3054 453 3129 dies,
469 3053 517 3116 sic
532 3052 659 3130 flebilis,
676 3052 733 3116 illa
748 3061 913 3118 recursat·
