<?xml version="1.0" encoding="UTF-8"?>
<!DOCTYPE html PUBLIC "-//W3C//DTD XHTML 1.0 Transitional//EN"
    "http://www.w3.org/TR/xhtml1/DTD/xhtml1-transitional.dtd">
<html xmlns="http://www.w3.org/1999/xhtml" xml:lang="en" lang="en">
 <head>
  <title>
</title>
<meta http-equiv="Content-Type" content="text/html;charset=utf-8" />
  <meta name='ocr-system' content='tesseract 3.04.00' />
  <meta name='ocr-capabilities' content='ocr_page ocr_carea ocr_par ocr_line ocrx_word'/>
</head>
<body>
  <div class='ocr_page' id='page_1' title='image "./periculaurbisas01moorgoog_0016.png"; bbox 0 0 2838 4586; ppageno 0'>
   <div class='ocr_carea' id='block_1_1' title="bbox 518 401 1130 466">
    <p class='ocr_par' dir='ltr' id='par_1_1' title="bbox 518 401 1130 466">
     <span class='ocr_line' id='line_1_1' title="bbox 518 401 1130 466; baseline 0.007 -12"><span class='ocrx_word' id='word_1_1' title='bbox 518 402 546 454; x_wconf 91' lang='grc' dir='ltr'><em>Α</em></span> <span class='ocrx_word' id='word_1_2' title='bbox 574 402 624 455; x_wconf 75' lang='lat' dir='ltr'>SA</span> <span class='ocrx_word' id='word_1_3' title='bbox 633 403 658 454; x_wconf 92' lang='lat' dir='ltr'><em>T</em></span> <span class='ocrx_word' id='word_1_4' title='bbox 656 401 734 455; x_wconf 88' lang='lat' dir='ltr'><em>IRE.</em></span> <span class='ocrx_word' id='word_1_5' title='bbox 1114 413 1130 466; x_wconf 80' lang='lat'>3</span> 
     </span>
    </p>
   </div>
   <div class='ocr_carea' id='block_1_2' title="bbox 134 565 1165 663">
    <p class='ocr_par' dir='ltr' id='par_1_2' title="bbox 134 565 1165 663">
     <span class='ocr_line' id='line_1_2' title="bbox 134 565 1165 663; baseline 0.002 -23"><span class='ocrx_word' id='word_1_6' title='bbox 134 578 279 641; x_wconf 88' lang='lat' dir='ltr'>Rursum</span> <span class='ocrx_word' id='word_1_7' title='bbox 296 579 405 643; x_wconf 90' lang='lat' dir='ltr'>aliud:</span> <span class='ocrx_word' id='word_1_8' title='bbox 428 600 501 656; x_wconf 84' lang='lat' dir='ltr'>neu,</span> <span class='ocrx_word' id='word_1_9' title='bbox 516 601 619 663; x_wconf 88' lang='lat' dir='ltr'>quum</span> <span class='ocrx_word' id='word_1_10' title='bbox 636 581 747 644; x_wconf 87' lang='lat' dir='ltr'>tulerit</span> <span class='ocrx_word' id='word_1_11' title='bbox 763 589 930 643; x_wconf 88' lang='lat' dir='ltr'>certamen</span> <span class='ocrx_word' id='word_1_12' title='bbox 947 599 1055 643; x_wconf 83' lang='lat' dir='ltr'>arenae</span> <span class='ocrx_word' id='word_1_13' title='bbox 1160 565 1165 574; x_wconf 49' lang='lat'>¹</span> 
     </span>
    </p>
   </div>
   <div class='ocr_carea' id='block_1_3' title="bbox 133 701 1056 1269">
    <p class='ocr_par' dir='ltr' id='par_1_3' title="bbox 133 701 1056 1028">
     <span class='ocr_line' id='line_1_3' title="bbox 133 701 1056 784; baseline -0.001 -19"><span class='ocrx_word' id='word_1_14' title='bbox 133 701 273 766; x_wconf 88' lang='lat' dir='ltr'>Summa</span> <span class='ocrx_word' id='word_1_15' title='bbox 288 702 367 776; x_wconf 88' lang='lat' dir='ltr'>dies,</span> <span class='ocrx_word' id='word_1_16' title='bbox 383 703 471 784; x_wconf 91' lang='lat' dir='ltr'>prius</span> <span class='ocrx_word' id='word_1_17' title='bbox 489 703 678 764; x_wconf 85' lang='lat' dir='ltr'>exanimem</span> <span class='ocrx_word' id='word_1_18' title='bbox 695 723 730 765; x_wconf 92' lang='lat' dir='ltr'>se</span> <span class='ocrx_word' id='word_1_19' title='bbox 747 704 778 764; x_wconf 94' lang='lat' dir='ltr'>in</span> <span class='ocrx_word' id='word_1_20' title='bbox 796 702 929 783; x_wconf 87' lang='lat' dir='ltr'>pulvere</span> <span class='ocrx_word' id='word_1_21' title='bbox 945 701 1056 764; x_wconf 91' lang='lat' dir='ltr'>volvat</span> 
     </span>
     <span class='ocr_line' id='line_1_4' title="bbox 133 823 1024 906; baseline 0 -20"><span class='ocrx_word' id='word_1_22' title='bbox 133 823 243 905; x_wconf 85' lang='lat' dir='ltr'>Quam</span> <span class='ocrx_word' id='word_1_23' title='bbox 260 833 354 887; x_wconf 92' lang='lat' dir='ltr'>vasto</span> <span class='ocrx_word' id='word_1_24' title='bbox 370 834 524 887; x_wconf 90' lang='lat' dir='ltr'>octavum</span> <span class='ocrx_word' id='word_1_25' title='bbox 541 823 687 906; x_wconf 83' lang='lat' dir='ltr'>singultu</span> <span class='ocrx_word' id='word_1_26' title='bbox 703 823 886 906; x_wconf 87' lang='lat' dir='ltr'>expleverit</span> <span class='ocrx_word' id='word_1_27' title='bbox 902 825 1024 888; x_wconf 88' lang='lat' dir='ltr'>orbem.</span> 
     </span>
     <span class='ocr_line' id='line_1_5' title="bbox 134 945 851 1028; baseline 0 -22"><span class='ocrx_word' id='word_1_28' title='bbox 134 945 232 1007; x_wconf 92' lang='lat' dir='ltr'>Illum</span> <span class='ocrx_word' id='word_1_29' title='bbox 250 946 342 1009; x_wconf 93' lang='lat' dir='ltr'>ducit</span> <span class='ocrx_word' id='word_1_30' title='bbox 358 967 452 1008; x_wconf 92' lang='lat' dir='ltr'>amor</span> <span class='ocrx_word' id='word_1_31' title='bbox 466 946 554 1028; x_wconf 85' lang='lat' dir='ltr'>pocli</span> <span class='ocrx_word' id='word_1_32' title='bbox 569 946 710 1008; x_wconf 90' lang='lat' dir='ltr'>victricis</span> <span class='ocrx_word' id='word_1_33' title='bbox 726 946 851 1008; x_wconf 89' lang='lat' dir='ltr'>avitum</span> 
     </span>
    </p>

    <p class='ocr_par' dir='ltr' id='par_1_4' title="bbox 134 1065 1035 1269">
     <span class='ocr_line' id='line_1_6' title="bbox 134 1065 1035 1148; baseline -0.003 -17"><span class='ocrx_word' id='word_1_34' title='bbox 134 1065 288 1131; x_wconf 87' lang='lat' dir='ltr'>Omaturi</span> <span class='ocrx_word' id='word_1_35' title='bbox 305 1067 453 1130; x_wconf 87' lang='lat' dir='ltr'>abacum.</span> <span class='ocrx_word' id='word_1_36' title='bbox 502 1065 570 1130; x_wconf 89' lang='lat' dir='ltr'>Sed</span> <span class='ocrx_word' id='word_1_37' title='bbox 587 1087 690 1148; x_wconf 92' lang='lat' dir='ltr'>equos</span> <span class='ocrx_word' id='word_1_38' title='bbox 706 1066 905 1128; x_wconf 85' lang='lat' dir='ltr'>contendere</span> <span class='ocrx_word' id='word_1_39' title='bbox 921 1065 1035 1128; x_wconf 86' lang='lat' dir='ltr'>credas</span> 
     </span>
     <span class='ocr_line' id='line_1_7' title="bbox 135 1186 1030 1269; baseline -0.002 -19"><span class='ocrx_word' id='word_1_40' title='bbox 135 1189 252 1250; x_wconf 87' lang='lat' dir='ltr'>Fervet</span> <span class='ocrx_word' id='word_1_41' title='bbox 270 1188 324 1250; x_wconf 87' lang='lat' dir='ltr'>ubi</span> <span class='ocrx_word' id='word_1_42' title='bbox 341 1208 477 1268; x_wconf 86' lang='lat' dir='ltr'>campus</span> <span class='ocrx_word' id='word_1_43' title='bbox 492 1186 735 1269; x_wconf 84' lang='lat' dir='ltr'>stipulantibus,</span> <span class='ocrx_word' id='word_1_44' title='bbox 753 1196 786 1249; x_wconf 90' lang='lat' dir='ltr'>et</span> <span class='ocrx_word' id='word_1_45' title='bbox 802 1195 899 1249; x_wconf 89' lang='lat' dir='ltr'>sonat</span> <span class='ocrx_word' id='word_1_46' title='bbox 914 1187 1030 1269; x_wconf 87' lang='lat' dir='ltr'>ingens</span> 
     </span>
    </p>
   </div>
   <div class='ocr_carea' id='block_1_4' title="bbox 135 1314 1133 1743">
    <p class='ocr_par' dir='ltr' id='par_1_5' title="bbox 135 1314 1133 1500">
     <span class='ocr_line' id='line_1_8' title="bbox 135 1314 1133 1398; baseline -0.004 -18"><span class='ocrx_word' id='word_1_47' title='bbox 135 1315 285 1397; x_wconf 92' lang='lat' dir='ltr'>Sponsi0.</span> <span class='ocrx_word' id='word_1_48' title='bbox 333 1315 457 1398; x_wconf 86' lang='lat' dir='ltr'>Quidni</span> <span class='ocrx_word' id='word_1_49' title='bbox 474 1315 622 1378; x_wconf 90' lang='lat' dir='ltr'>etenim?</span> <span class='ocrx_word' id='word_1_50' title='bbox 669 1314 797 1377; x_wconf 90' lang='lat' dir='ltr'>Merces</span> <span class='ocrx_word' id='word_1_51' title='bbox 813 1314 984 1377; x_wconf 92' lang='lat' dir='ltr'>hominum</span> <span class='ocrx_word' id='word_1_52' title='bbox 1000 1334 1133 1396; x_wconf 89' lang='lat' dir='ltr'>quoque</span> 
     </span>
     <span class='ocr_line' id='line_1_9' title="bbox 222 1437 310 1500; baseline -0.011 0"><span class='ocrx_word' id='word_1_53' title='bbox 222 1437 310 1500; x_wconf 84' lang='lat' dir='ltr'>carni</span> 
     </span>
    </p>

    <p class='ocr_par' dir='ltr' id='par_1_6' title="bbox 137 1557 1110 1640">
     <span class='ocr_line' id='line_1_10' title="bbox 137 1557 1110 1640; baseline -0.002 -19"><span class='ocrx_word' id='word_1_54' title='bbox 137 1557 238 1621; x_wconf 88' lang='lat' dir='ltr'>Nulla</span> <span class='ocrx_word' id='word_1_55' title='bbox 254 1558 340 1621; x_wconf 89' lang='lat' dir='ltr'>erit?</span> <span class='ocrx_word' id='word_1_56' title='bbox 388 1558 476 1621; x_wconf 92' lang='lat' dir='ltr'>Hinc</span> <span class='ocrx_word' id='word_1_57' title='bbox 492 1559 640 1632; x_wconf 92' lang='lat' dir='ltr'>aberunt,</span> <span class='ocrx_word' id='word_1_58' title='bbox 656 1558 711 1640; x_wconf 91' lang='lat' dir='ltr'>qui</span> <span class='ocrx_word' id='word_1_59' title='bbox 728 1557 876 1639; x_wconf 85' lang='lat' dir='ltr'>gaudent</span> <span class='ocrx_word' id='word_1_60' title='bbox 892 1557 1005 1619; x_wconf 88' lang='lat' dir='ltr'>codice</span> <span class='ocrx_word' id='word_1_61' title='bbox 1022 1557 1110 1620; x_wconf 86' lang='lat' dir='ltr'>sacto</span> 
     </span>
    </p>

    <p class='ocr_par' dir='ltr' id='par_1_7' title="bbox 136 1679 912 1743">
     <span class='ocr_line' id='line_1_11' title="bbox 136 1679 912 1743; baseline 0 -1"><span class='ocrx_word' id='word_1_62' title='bbox 136 1680 166 1742; x_wconf 92' lang='lat' dir='ltr'>E</span> <span class='ocrx_word' id='word_1_63' title='bbox 185 1679 308 1742; x_wconf 91' lang='lat' dir='ltr'>damno</span> <span class='ocrx_word' id='word_1_64' title='bbox 323 1680 457 1743; x_wconf 88' lang='lat' dir='ltr'>alterius</span> <span class='ocrx_word' id='word_1_65' title='bbox 472 1690 580 1743; x_wconf 88' lang='lat' dir='ltr'>certos</span> <span class='ocrx_word' id='word_1_66' title='bbox 596 1679 735 1742; x_wconf 89' lang='lat' dir='ltr'>educere</span> <span class='ocrx_word' id='word_1_67' title='bbox 752 1699 912 1742; x_wconf 81' lang='lat' dir='ltr'>nummos,</span> 
     </span>
    </p>
   </div>
   <div class='ocr_carea' id='block_1_5' title="bbox 120 1807 1193 3952">
    <p class='ocr_par' dir='ltr' id='par_1_8' title="bbox 137 1807 965 1890">
     <span class='ocr_line' id='line_1_12' title="bbox 137 1807 965 1890; baseline -0.005 -18"><span class='ocrx_word' id='word_1_68' title='bbox 137 1807 264 1872; x_wconf 78' lang='lat' dir='ltr'>Gr&#39;aecia</span> <span class='ocrx_word' id='word_1_69' title='bbox 280 1809 402 1890; x_wconf 93' lang='lat' dir='ltr'>quippe</span> <span class='ocrx_word' id='word_1_70' title='bbox 418 1810 477 1870; x_wconf 72' lang='lat' dir='ltr'>sua</span> <span class='ocrx_word' id='word_1_71' title='bbox 493 1807 664 1890; x_wconf 89' lang='lat' dir='ltr'>quondam</span> <span class='ocrx_word' id='word_1_72' title='bbox 681 1807 829 1870; x_wconf 87' lang='lat' dir='ltr'>certabat</span> <span class='ocrx_word' id='word_1_73' title='bbox 845 1807 965 1882; x_wconf 68' lang='lat' dir='ltr'>arena;</span> 
     </span>
    </p>

    <p class='ocr_par' dir='ltr' id='par_1_9' title="bbox 137 1928 983 2011">
     <span class='ocr_line' id='line_1_13' title="bbox 137 1928 983 2011; baseline -0.004 -20"><span class='ocrx_word' id='word_1_74' title='bbox 137 1929 208 1992; x_wconf 91' lang='lat' dir='ltr'>Nec</span> <span class='ocrx_word' id='word_1_75' title='bbox 225 1928 317 1992; x_wconf 87' lang='lat' dir='ltr'>labor</span> <span class='ocrx_word' id='word_1_76' title='bbox 333 1930 479 2011; x_wconf 87' lang='lat' dir='ltr'>ingratus</span> <span class='ocrx_word' id='word_1_77' title='bbox 494 1929 618 2003; x_wconf 88' lang='lat' dir='ltr'>victori,</span> <span class='ocrx_word' id='word_1_78' title='bbox 635 1928 690 1990; x_wconf 89' lang='lat' dir='ltr'>ubi</span> <span class='ocrx_word' id='word_1_79' title='bbox 707 1928 853 1990; x_wconf 86' lang='lat' dir='ltr'>carmina</span> <span class='ocrx_word' id='word_1_80' title='bbox 868 1935 983 1990; x_wconf 90' lang='lat' dir='ltr'>vatum</span> 
     </span>
    </p>

    <p class='ocr_par' dir='ltr' id='par_1_10' title="bbox 136 2046 954 2131">
     <span class='ocr_line' id='line_1_14' title="bbox 136 2046 954 2131; baseline -0.002 -20"><span class='ocrx_word' id='word_1_81' title='bbox 136 2049 182 2111; x_wconf 90' lang='lat' dir='ltr'>Et</span> <span class='ocrx_word' id='word_1_82' title='bbox 197 2069 272 2130; x_wconf 92' lang='lat' dir='ltr'>spes</span> <span class='ocrx_word' id='word_1_83' title='bbox 288 2058 322 2111; x_wconf 90' lang='lat' dir='ltr'>et</span> <span class='ocrx_word' id='word_1_84' title='bbox 336 2048 471 2131; x_wconf 90' lang='lat' dir='ltr'>plausus</span> <span class='ocrx_word' id='word_1_85' title='bbox 487 2056 521 2110; x_wconf 94' lang='lat' dir='ltr'>et</span> <span class='ocrx_word' id='word_1_86' title='bbox 537 2047 678 2129; x_wconf 85' lang='lat' dir='ltr'>plurima</span> <span class='ocrx_word' id='word_1_87' title='bbox 694 2046 806 2128; x_wconf 85' lang='lat' dir='ltr'>palma</span> <span class='ocrx_word' id='word_1_88' title='bbox 821 2067 954 2109; x_wconf 89' lang='lat' dir='ltr'>suorum</span> 
     </span>
    </p>

    <p class='ocr_par' dir='ltr' id='par_1_11' title="bbox 136 2133 1193 2737">
     <span class='ocr_line' id='line_1_15' title="bbox 136 2133 1193 2252; baseline -0.001 -19"><span class='ocrx_word' id='word_1_89' title='bbox 136 2170 278 2252; x_wconf 89' lang='lat' dir='ltr'>Accepit</span> <span class='ocrx_word' id='word_1_90' title='bbox 292 2171 479 2234; x_wconf 87' lang='lat' dir='ltr'>venientem</span> <span class='ocrx_word' id='word_1_91' title='bbox 495 2189 503 2247; x_wconf 92' lang='lat'>;</span> <span class='ocrx_word' id='word_1_92' title='bbox 527 2179 559 2232; x_wconf 91' lang='lat' dir='ltr'>et</span> <span class='ocrx_word' id='word_1_93' title='bbox 575 2178 690 2233; x_wconf 89' lang='lat' dir='ltr'>sancto</span> <span class='ocrx_word' id='word_1_94' title='bbox 705 2190 841 2252; x_wconf 90' lang='lat' dir='ltr'>vespere</span> <span class='ocrx_word' id='word_1_95' title='bbox 857 2169 973 2234; x_wconf 84' lang='lat' dir='ltr'>Phoebi</span> <span class='ocrx_word' id='word_1_96' title='bbox 1186 2133 1193 2171; x_wconf 62' lang='grc' dir='ltr'>Ι</span> 
     </span>
     <span class='ocr_line' id='line_1_16' title="bbox 136 2291 931 2373; baseline 0 -19"><span class='ocrx_word' id='word_1_97' title='bbox 136 2292 249 2354; x_wconf 88' lang='lat' dir='ltr'>Aurea</span> <span class='ocrx_word' id='word_1_98' title='bbox 265 2292 425 2373; x_wconf 87' lang='lat' dir='ltr'>tangebat</span> <span class='ocrx_word' id='word_1_99' title='bbox 440 2291 500 2353; x_wconf 90' lang='lat' dir='ltr'>lux</span> <span class='ocrx_word' id='word_1_100' title='bbox 516 2291 659 2372; x_wconf 90' lang='lat' dir='ltr'>Alphea,</span> <span class='ocrx_word' id='word_1_101' title='bbox 676 2291 830 2373; x_wconf 86' lang='lat' dir='ltr'>claraque</span> <span class='ocrx_word' id='word_1_102' title='bbox 847 2292 931 2354; x_wconf 84' lang='lat' dir='ltr'>Pisae</span> 
     </span>
     <span class='ocr_line' id='line_1_17' title="bbox 137 2411 1062 2496; baseline 0.003 -22"><span class='ocrx_word' id='word_1_103' title='bbox 137 2412 313 2486; x_wconf 89' lang='lat' dir='ltr'>Marmora,</span> <span class='ocrx_word' id='word_1_104' title='bbox 331 2411 590 2494; x_wconf 91' lang='lat' dir='ltr'>Phidiacumque</span> <span class='ocrx_word' id='word_1_105' title='bbox 605 2413 731 2493; x_wconf 91' lang='lat' dir='ltr'>Jovem,</span> <span class='ocrx_word' id='word_1_106' title='bbox 748 2412 916 2495; x_wconf 89' lang='lat' dir='ltr'>saltusque</span> <span class='ocrx_word' id='word_1_107' title='bbox 934 2413 1062 2496; x_wconf 83' lang='lat' dir='ltr'>Lyaeos</span> 
     </span>
     <span class='ocr_line' id='line_1_18' title="bbox 137 2524 1092 2616; baseline 0.001 -19"><span class='ocrx_word' id='word_1_108' title='bbox 137 2533 238 2598; x_wconf 88' lang='lat' dir='ltr'>Sacra</span> <span class='ocrx_word' id='word_1_109' title='bbox 253 2542 365 2595; x_wconf 91' lang='lat' dir='ltr'>tamen</span> <span class='ocrx_word' id='word_1_110' title='bbox 380 2543 452 2595; x_wconf 95' lang='lat' dir='ltr'>tum</span> <span class='ocrx_word' id='word_1_111' title='bbox 469 2532 558 2596; x_wconf 83' lang='lat' dir='ltr'>sama</span> <span class='ocrx_word' id='word_1_112' title='bbox 573 2535 668 2609; x_wconf 76' lang='lat' dir='ltr'>viros</span> <span class='ocrx_word' id='word_1_113' title='bbox 684 2555 776 2597; x_wconf 89' lang='lat' dir='ltr'>sacra</span> <span class='ocrx_word' id='word_1_114' title='bbox 791 2524 928 2616; x_wconf 81' lang='lat' dir='ltr'>praemia</span> <span class='ocrx_word' id='word_1_115' title='bbox 944 2536 1069 2598; x_wconf 90' lang='lat' dir='ltr'>ducunt</span> <span class='ocrx_word' id='word_1_116' title='bbox 1085 2557 1092 2612; x_wconf 89' lang='lat'>;</span> 
     </span>
     <span class='ocr_line' id='line_1_19' title="bbox 137 2653 918 2737; baseline 0 -19"><span class='ocrx_word' id='word_1_117' title='bbox 137 2656 178 2718; x_wconf 93' lang='lat' dir='ltr'>In</span> <span class='ocrx_word' id='word_1_118' title='bbox 194 2653 329 2719; x_wconf 90' lang='lat' dir='ltr'>solenne</span> <span class='ocrx_word' id='word_1_119' title='bbox 343 2664 440 2718; x_wconf 86' lang='lat' dir='ltr'>vocat</span> <span class='ocrx_word' id='word_1_120' title='bbox 456 2663 623 2717; x_wconf 87' lang='lat' dir='ltr'>certamen</span> <span class='ocrx_word' id='word_1_121' title='bbox 640 2654 800 2737; x_wconf 90' lang='lat' dir='ltr'>Olympia</span> <span class='ocrx_word' id='word_1_122' title='bbox 816 2656 918 2729; x_wconf 92' lang='lat' dir='ltr'>divos,</span> 
     </span>
    </p>

    <p class='ocr_par' dir='ltr' id='par_1_12' title="bbox 137 2774 949 2858">
     <span class='ocr_line' id='line_1_20' title="bbox 137 2774 949 2858; baseline 0 -19"><span class='ocrx_word' id='word_1_123' title='bbox 137 2778 183 2839; x_wconf 91' lang='lat' dir='ltr'>Et</span> <span class='ocrx_word' id='word_1_124' title='bbox 198 2786 331 2840; x_wconf 90' lang='lat' dir='ltr'>centum</span> <span class='ocrx_word' id='word_1_125' title='bbox 348 2776 451 2858; x_wconf 88' lang='lat' dir='ltr'>partis</span> <span class='ocrx_word' id='word_1_126' title='bbox 467 2776 633 2838; x_wconf 87' lang='lat' dir='ltr'>sociantur</span> <span class='ocrx_word' id='word_1_127' title='bbox 648 2774 827 2839; x_wconf 91' lang='lat' dir='ltr'>honoribus</span> <span class='ocrx_word' id='word_1_128' title='bbox 844 2777 949 2839; x_wconf 80' lang='lat' dir='ltr'>urbes,</span> 
     </span>
    </p>

    <p class='ocr_par' dir='ltr' id='par_1_13' title="bbox 135 2895 1014 3096">
     <span class='ocr_line' id='line_1_21' title="bbox 135 2895 1014 2980; baseline -0.002 -18"><span class='ocrx_word' id='word_1_129' title='bbox 135 2898 237 2962; x_wconf 88' lang='lat' dir='ltr'>Adde</span> <span class='ocrx_word' id='word_1_130' title='bbox 253 2897 366 2980; x_wconf 92' lang='lat' dir='ltr'>polum</span> <span class='ocrx_word' id='word_1_131' title='bbox 383 2899 512 2972; x_wconf 92' lang='lat' dir='ltr'>sudum,</span> <span class='ocrx_word' id='word_1_132' title='bbox 526 2895 692 2980; x_wconf 79' lang='lat' dir='ltr'>&#39;flatusque</span> <span class='ocrx_word' id='word_1_133' title='bbox 708 2919 727 2960; x_wconf 87' lang='lat' dir='ltr'>a</span> <span class='ocrx_word' id='word_1_134' title='bbox 745 2905 858 2960; x_wconf 90' lang='lat' dir='ltr'>monte</span> <span class='ocrx_word' id='word_1_135' title='bbox 873 2897 1014 2961; x_wconf 87' lang='lat' dir='ltr'>ferentes</span> 
     </span>
     <span class='ocr_line' id='line_1_22' title="bbox 137 3018 862 3096; baseline 0 -13"><span class='ocrx_word' id='word_1_136' title='bbox 137 3019 281 3084; x_wconf 91' lang='lat' dir='ltr'>Delicias</span> <span class='ocrx_word' id='word_1_137' title='bbox 297 3041 459 3096; x_wconf 87' lang='lat' dir='ltr'>aurarum,</span> <span class='ocrx_word' id='word_1_138' title='bbox 476 3029 509 3084; x_wconf 90' lang='lat' dir='ltr'>et</span> <span class='ocrx_word' id='word_1_139' title='bbox 525 3019 613 3083; x_wconf 87' lang='lat' dir='ltr'>claro</span> <span class='ocrx_word' id='word_1_140' title='bbox 629 3018 698 3083; x_wconf 90' lang='lat' dir='ltr'>sole</span> <span class='ocrx_word' id='word_1_141' title='bbox 714 3019 862 3083; x_wconf 91' lang='lat' dir='ltr'>nitorem.</span> 
     </span>
    </p>

    <p class='ocr_par' dir='ltr' id='par_1_14' title="bbox 120 3130 1120 3586">
     <span class='ocr_line' id='line_1_23' title="bbox 120 3130 1028 3224; baseline 0 -20"><span class='ocrx_word' id='word_1_142' title='bbox 120 3130 217 3218; x_wconf 61' lang='lat' dir='ltr'>&#39;Nos</span> <span class='ocrx_word' id='word_1_143' title='bbox 233 3143 353 3224; x_wconf 91' lang='lat' dir='ltr'>quibus</span> <span class='ocrx_word' id='word_1_144' title='bbox 369 3144 433 3205; x_wconf 89' lang='lat' dir='ltr'>ista</span> <span class='ocrx_word' id='word_1_145' title='bbox 449 3143 558 3224; x_wconf 88' lang='lat' dir='ltr'>placet</span> <span class='ocrx_word' id='word_1_146' title='bbox 573 3143 698 3205; x_wconf 88' lang='lat' dir='ltr'>cineres</span> <span class='ocrx_word' id='word_1_147' title='bbox 714 3141 850 3204; x_wconf 87' lang='lat' dir='ltr'>saluisse</span> <span class='ocrx_word' id='word_1_148' title='bbox 866 3162 925 3223; x_wconf 91' lang='lat' dir='ltr'>per</span> <span class='ocrx_word' id='word_1_149' title='bbox 940 3150 1028 3204; x_wconf 90' lang='lat' dir='ltr'>atros</span> 
     </span>
     <span class='ocr_line' id='line_1_24' title="bbox 137 3262 1046 3345; baseline -0.001 -19"><span class='ocrx_word' id='word_1_150' title='bbox 137 3263 258 3338; x_wconf 86' lang='lat' dir='ltr'>Gloria,</span> <span class='ocrx_word' id='word_1_151' title='bbox 275 3273 308 3326; x_wconf 92' lang='lat' dir='ltr'>et</span> <span class='ocrx_word' id='word_1_152' title='bbox 324 3263 391 3326; x_wconf 88' lang='lat' dir='ltr'>alta</span> <span class='ocrx_word' id='word_1_153' title='bbox 407 3273 525 3344; x_wconf 90' lang='lat' dir='ltr'>petunt</span> <span class='ocrx_word' id='word_1_154' title='bbox 540 3262 734 3345; x_wconf 87' lang='lat' dir='ltr'>plumbeum</span> <span class='ocrx_word' id='word_1_155' title='bbox 751 3263 889 3344; x_wconf 87' lang='lat' dir='ltr'>suspiria</span> <span class='ocrx_word' id='word_1_156' title='bbox 906 3264 1046 3345; x_wconf 80' lang='lat' dir='ltr'>pbclum,</span> 
     </span>
     <span class='ocr_line' id='line_1_25' title="bbox 137 3353 1120 3466; baseline -0.001 -19"><span class='ocrx_word' id='word_1_157' title='bbox 137 3383 305 3447; x_wconf 90' lang='lat' dir='ltr'>Currimus</span> <span class='ocrx_word' id='word_1_158' title='bbox 321 3384 423 3446; x_wconf 72' lang='lat' dir='ltr'>invita</span> <span class='ocrx_word' id='word_1_159' title='bbox 439 3382 555 3447; x_wconf 88' lang='lat' dir='ltr'>tellure</span> <span class='ocrx_word' id='word_1_160' title='bbox 571 3392 672 3466; x_wconf 91' lang='lat' dir='ltr'>atque</span> <span class='ocrx_word' id='word_1_161' title='bbox 687 3390 762 3446; x_wconf 73' lang='lat' dir='ltr'>aere</span> <span class='ocrx_word' id='word_1_162' title='bbox 778 3393 811 3446; x_wconf 94' lang='lat' dir='ltr'>et</span> <span class='ocrx_word' id='word_1_163' title='bbox 827 3385 920 3447; x_wconf 89' lang='lat' dir='ltr'>auris.</span> <span class='ocrx_word' id='word_1_164' title='bbox 1118 3353 1120 3358; x_wconf 23' lang='grc' dir='ltr'>Ι</span> 
     </span>
     <span class='ocr_line' id='line_1_26' title="bbox 136 3503 912 3586; baseline -0.003 -18"><span class='ocrx_word' id='word_1_165' title='bbox 136 3505 186 3568; x_wconf 86' lang='lat' dir='ltr'>At</span> <span class='ocrx_word' id='word_1_166' title='bbox 203 3506 321 3570; x_wconf 88' lang='lat' dir='ltr'>Graius</span> <span class='ocrx_word' id='word_1_167' title='bbox 337 3505 426 3569; x_wconf 82' lang='lat' dir='ltr'>solas</span> <span class='ocrx_word' id='word_1_168' title='bbox 443 3526 515 3568; x_wconf 93' lang='lat' dir='ltr'>mos</span> <span class='ocrx_word' id='word_1_169' title='bbox 532 3505 631 3567; x_wconf 87' lang='lat' dir='ltr'>afficit</span> <span class='ocrx_word' id='word_1_170' title='bbox 648 3505 702 3567; x_wconf 91' lang='lat' dir='ltr'>ille</span> <span class='ocrx_word' id='word_1_171' title='bbox 718 3503 912 3586; x_wconf 87' lang='lat' dir='ltr'>palaestras?</span> 
     </span>
    </p>

    <p class='ocr_par' dir='ltr' id='par_1_15' title="bbox 139 3625 1020 3952">
     <span class='ocr_line' id='line_1_27' title="bbox 139 3625 989 3707; baseline 0 -18"><span class='ocrx_word' id='word_1_172' title='bbox 139 3628 258 3689; x_wconf 94' lang='lat' dir='ltr'>Nonne</span> <span class='ocrx_word' id='word_1_173' title='bbox 274 3649 393 3691; x_wconf 89' lang='lat' dir='ltr'>novam</span> <span class='ocrx_word' id='word_1_174' title='bbox 410 3627 549 3690; x_wconf 84' lang='lat' dir='ltr'>sormam</span> <span class='ocrx_word' id='word_1_175' title='bbox 567 3636 687 3690; x_wconf 84' lang='lat' dir='ltr'>nostrae</span> <span class='ocrx_word' id='word_1_176' title='bbox 703 3627 855 3689; x_wconf 90' lang='lat' dir='ltr'>invenere</span> <span class='ocrx_word' id='word_1_177' title='bbox 870 3625 989 3707; x_wconf 89' lang='lat' dir='ltr'>puellae</span> 
     </span>
     <span class='ocr_line' id='line_1_28' title="bbox 139 3745 978 3831; baseline -0.002 -21"><span class='ocrx_word' id='word_1_178' title='bbox 139 3748 298 3823; x_wconf 75' lang='lat' dir='ltr'>lncessfis,</span> <span class='ocrx_word' id='word_1_179' title='bbox 317 3749 483 3831; x_wconf 89' lang='lat' dir='ltr'>Graioque</span> <span class='ocrx_word' id='word_1_180' title='bbox 500 3749 571 3811; x_wconf 90' lang='lat' dir='ltr'>sinu</span> <span class='ocrx_word' id='word_1_181' title='bbox 588 3766 646 3810; x_wconf 88' lang='lat' dir='ltr'>sua</span> <span class='ocrx_word' id='word_1_182' title='bbox 664 3767 800 3828; x_wconf 88' lang='lat' dir='ltr'>corpora</span> <span class='ocrx_word' id='word_1_183' title='bbox 816 3745 978 3810; x_wconf 89' lang='lat' dir='ltr'>flectunt?</span> 
     </span>
     <span class='ocr_line' id='line_1_29' title="bbox 139 3867 1020 3952; baseline -0.006 -18"><span class='ocrx_word' id='word_1_184' title='bbox 139 3869 271 3934; x_wconf 87' lang='lat' dir='ltr'>Scilicet</span> <span class='ocrx_word' id='word_1_185' title='bbox 287 3870 349 3933; x_wconf 93' lang='lat' dir='ltr'>hoc</span> <span class='ocrx_word' id='word_1_186' title='bbox 365 3875 440 3933; x_wconf 84' lang='lat' dir='ltr'>aevo&#39;</span> <span class='ocrx_word' id='word_1_187' title='bbox 452 3869 610 3952; x_wconf 86' lang='lat' dir='ltr'>placitum</span> <span class='ocrx_word' id='word_1_188' title='bbox 628 3877 677 3930; x_wconf 90' lang='lat' dir='ltr'>est</span> <span class='ocrx_word' id='word_1_189' title='bbox 691 3888 698 3944; x_wconf 90' lang='lat'>;</span> <span class='ocrx_word' id='word_1_190' title='bbox 714 3868 765 3930; x_wconf 89' lang='lat' dir='ltr'>via</span> <span class='ocrx_word' id='word_1_191' title='bbox 782 3876 896 3949; x_wconf 86' lang='lat' dir='ltr'>peccat</span> <span class='ocrx_word' id='word_1_192' title='bbox 912 3867 1020 3940; x_wconf 88' lang='lat' dir='ltr'>eundi,</span> 
     </span>
    </p>
   </div>
   <div class='ocr_carea' id='block_1_6' title="bbox 617 4015 660 4052">
    <p class='ocr_par' dir='ltr' id='par_1_16' title="bbox 617 4015 660 4052">
     <span class='ocr_line' id='line_1_30' title="bbox 617 4015 660 4052; baseline 0 0"><span class='ocrx_word' id='word_1_193' title='bbox 617 4015 660 4052; x_wconf 78' lang='lat'>132</span> 
     </span>
    </p>
   </div>
   <div class='ocr_carea' id='block_1_7' title="bbox 0 0 1428 4586">
    <p class='ocr_par' dir='ltr' id='par_1_17' title="bbox 0 0 1428 4586">
     <span class='ocr_line' id='line_1_31' title="bbox 0 0 1428 4586; baseline 0 0"><span class='ocrx_word' id='word_1_194' title='bbox 0 0 1428 4586; x_wconf 95' lang='lat' dir='ltr'> </span> 
     </span>
    </p>
   </div>
  </div>
 </body>
</html>
