<?xml version="1.0" encoding="UTF-8"?>
<!DOCTYPE html PUBLIC "-//W3C//DTD XHTML 1.0 Transitional//EN"
    "http://www.w3.org/TR/xhtml1/DTD/xhtml1-transitional.dtd">
<html xmlns="http://www.w3.org/1999/xhtml" xml:lang="en" lang="en">
 <head>
  <title>
</title>
<meta http-equiv="Content-Type" content="text/html;charset=utf-8" />
  <meta name='ocr-system' content='tesseract 3.04.00' />
  <meta name='ocr-capabilities' content='ocr_page ocr_carea ocr_par ocr_line ocrx_word'/>
</head>
<body>
  <div class='ocr_page' id='page_1' title='image "./periculaurbisas01moorgoog_0026.png"; bbox 0 0 2838 4586; ppageno 0'>
   <div class='ocr_carea' id='block_1_1' title="bbox 490 385 755 438">
    <p class='ocr_par' dir='ltr' id='par_1_1' title="bbox 490 385 755 438">
     <span class='ocr_line' id='line_1_1' title="bbox 490 385 755 438; baseline 0 0"><span class='ocrx_word' id='word_1_1' title='bbox 490 385 582 438; x_wconf 80' lang='grc' dir='ltr'>ΛΝΒ</span> <span class='ocrx_word' id='word_1_2' title='bbox 606 385 755 438; x_wconf 81' lang='lat' dir='ltr'><em>PuEMS.</em></span> 
     </span>
    </p>
   </div>
   <div class='ocr_carea' id='block_1_2' title="bbox 591 595 655 658">
    <p class='ocr_par' dir='ltr' id='par_1_2' title="bbox 591 595 655 658">
     <span class='ocr_line' id='line_1_2' title="bbox 591 595 655 658; baseline 0.016 -1"><span class='ocrx_word' id='word_1_3' title='bbox 591 595 655 658; x_wconf 93' lang='lat' dir='ltr'>Ill.</span> 
     </span>
    </p>
   </div>
   <div class='ocr_carea' id='block_1_3' title="bbox 129 799 1097 1855">
    <p class='ocr_par' dir='ltr' id='par_1_3' title="bbox 129 799 905 883">
     <span class='ocr_line' id='line_1_3' title="bbox 129 799 905 883; baseline -0.008 -15"><span class='ocrx_word' id='word_1_4' title='bbox 129 803 340 868; x_wconf 80' lang='lat' dir='ltr'><strong>SUBLATUM</strong></span> <span class='ocrx_word' id='word_1_5' title='bbox 357 801 456 864; x_wconf 87' lang='lat' dir='ltr'>lentis</span> <span class='ocrx_word' id='word_1_6' title='bbox 473 801 624 864; x_wconf 89' lang='lat' dir='ltr'>manibus</span> <span class='ocrx_word' id='word_1_7' title='bbox 639 821 771 883; x_wconf 84' lang='lat' dir='ltr'>gessere</span> <span class='ocrx_word' id='word_1_8' title='bbox 787 799 905 876; x_wconf 89' lang='lat' dir='ltr'>coloni,</span> 
     </span>
    </p>

    <p class='ocr_par' dir='ltr' id='par_1_4' title="bbox 129 921 920 1003">
     <span class='ocr_line' id='line_1_4' title="bbox 129 921 920 1003; baseline -0.004 -17"><span class='ocrx_word' id='word_1_9' title='bbox 129 924 175 986; x_wconf 91' lang='lat' dir='ltr'>Et</span> <span class='ocrx_word' id='word_1_10' title='bbox 191 924 275 986; x_wconf 89' lang='lat' dir='ltr'>tristi</span> <span class='ocrx_word' id='word_1_11' title='bbox 291 922 353 985; x_wconf 91' lang='lat' dir='ltr'>sub</span> <span class='ocrx_word' id='word_1_12' title='bbox 369 921 457 984; x_wconf 87' lang='lat' dir='ltr'>fasce</span> <span class='ocrx_word' id='word_1_13' title='bbox 473 921 611 984; x_wconf 91' lang='lat' dir='ltr'>domum</span> <span class='ocrx_word' id='word_1_14' title='bbox 626 922 765 1003; x_wconf 83' lang='lat' dir='ltr'>vestigia</span> <span class='ocrx_word' id='word_1_15' title='bbox 780 929 920 985; x_wconf 89' lang='lat' dir='ltr'>vertunt.</span> 
     </span>
    </p>

    <p class='ocr_par' dir='ltr' id='par_1_5' title="bbox 129 1042 919 1124">
     <span class='ocr_line' id='line_1_5' title="bbox 129 1042 919 1124; baseline -0.004 -17"><span class='ocrx_word' id='word_1_16' title='bbox 129 1045 175 1107; x_wconf 92' lang='lat' dir='ltr'>Et</span> <span class='ocrx_word' id='word_1_17' title='bbox 190 1044 270 1106; x_wconf 92' lang='lat' dir='ltr'>mihi</span> <span class='ocrx_word' id='word_1_18' title='bbox 286 1043 435 1106; x_wconf 83' lang='lat' dir='ltr'>densatae</span> <span class='ocrx_word' id='word_1_19' title='bbox 450 1063 511 1124; x_wconf 91' lang='lat' dir='ltr'>per</span> <span class='ocrx_word' id='word_1_20' title='bbox 525 1042 624 1124; x_wconf 84' lang='lat' dir='ltr'>longa</span> <span class='ocrx_word' id='word_1_21' title='bbox 639 1043 807 1106; x_wconf 89' lang='lat' dir='ltr'>volumina</span> <span class='ocrx_word' id='word_1_22' title='bbox 824 1044 919 1107; x_wconf 90' lang='lat' dir='ltr'>nubis</span> 
     </span>
    </p>

    <p class='ocr_par' dir='ltr' id='par_1_6' title="bbox 130 1164 984 1490">
     <span class='ocr_line' id='line_1_6' title="bbox 130 1164 950 1246; baseline -0.004 -17"><span class='ocrx_word' id='word_1_23' title='bbox 130 1165 288 1239; x_wconf 89' lang='lat' dir='ltr'>Sectanti,</span> <span class='ocrx_word' id='word_1_24' title='bbox 302 1164 507 1246; x_wconf 88' lang='lat' dir='ltr'>jamjamque</span> <span class='ocrx_word' id='word_1_25' title='bbox 523 1165 625 1246; x_wconf 91' lang='lat' dir='ltr'>pedes</span> <span class='ocrx_word' id='word_1_26' title='bbox 642 1165 674 1227; x_wconf 94' lang='lat' dir='ltr'>in</span> <span class='ocrx_word' id='word_1_27' title='bbox 690 1175 806 1246; x_wconf 90' lang='lat' dir='ltr'>aperta</span> <span class='ocrx_word' id='word_1_28' title='bbox 821 1165 950 1240; x_wconf 83' lang='lat' dir='ltr'>serenti,</span> 
     </span>
     <span class='ocr_line' id='line_1_7' title="bbox 132 1283 984 1367; baseline 0.001 -20"><span class='ocrx_word' id='word_1_29' title='bbox 132 1285 292 1347; x_wconf 84' lang='lat' dir='ltr'>Panditur</span> <span class='ocrx_word' id='word_1_30' title='bbox 307 1294 385 1348; x_wconf 90' lang='lat' dir='ltr'>ante</span> <span class='ocrx_word' id='word_1_31' title='bbox 400 1283 512 1347; x_wconf 92' lang='lat' dir='ltr'>oculos</span> <span class='ocrx_word' id='word_1_32' title='bbox 528 1286 654 1367; x_wconf 92' lang='lat' dir='ltr'>species</span> <span class='ocrx_word' id='word_1_33' title='bbox 670 1285 851 1350; x_wconf 87' lang='lat' dir='ltr'>clarissima</span> <span class='ocrx_word' id='word_1_34' title='bbox 867 1307 984 1360; x_wconf 90' lang='lat' dir='ltr'>rerum,</span> 
     </span>
     <span class='ocr_line' id='line_1_8' title="bbox 131 1407 874 1490; baseline 0.001 -20"><span class='ocrx_word' id='word_1_35' title='bbox 131 1407 248 1490; x_wconf 86' lang='lat' dir='ltr'>Qualis</span> <span class='ocrx_word' id='word_1_36' title='bbox 265 1428 324 1470; x_wconf 90' lang='lat' dir='ltr'>nec</span> <span class='ocrx_word' id='word_1_37' title='bbox 339 1407 487 1488; x_wconf 86' lang='lat' dir='ltr'>vigilanti</span> <span class='ocrx_word' id='word_1_38' title='bbox 503 1407 582 1470; x_wconf 92' lang='lat' dir='ltr'>olim</span> <span class='ocrx_word' id='word_1_39' title='bbox 598 1407 737 1471; x_wconf 90' lang='lat' dir='ltr'>traluxit</span> <span class='ocrx_word' id='word_1_40' title='bbox 753 1409 874 1490; x_wconf 89' lang='lat' dir='ltr'>imag0,</span> 
     </span>
    </p>

    <p class='ocr_par' dir='ltr' id='par_1_7' title="bbox 130 1528 1097 1855">
     <span class='ocr_line' id='line_1_9' title="bbox 131 1528 1097 1611; baseline 0.002 -20"><span class='ocrx_word' id='word_1_41' title='bbox 131 1529 204 1592; x_wconf 91' lang='lat' dir='ltr'>Nec</span> <span class='ocrx_word' id='word_1_42' title='bbox 219 1528 385 1611; x_wconf 89' lang='lat' dir='ltr'>placidum</span> <span class='ocrx_word' id='word_1_43' title='bbox 402 1529 555 1609; x_wconf 89' lang='lat' dir='ltr'>cuiquam</span> <span class='ocrx_word' id='word_1_44' title='bbox 572 1549 631 1610; x_wconf 90' lang='lat' dir='ltr'>per</span> <span class='ocrx_word' id='word_1_45' title='bbox 646 1549 800 1591; x_wconf 93' lang='lat' dir='ltr'>somnum</span> <span class='ocrx_word' id='word_1_46' title='bbox 816 1529 928 1592; x_wconf 90' lang='lat' dir='ltr'>oblata</span> <span class='ocrx_word' id='word_1_47' title='bbox 944 1529 1066 1593; x_wconf 86' lang='lat' dir='ltr'>fefellit.</span> <span class='ocrx_word' id='word_1_48' title='bbox 1094 1531 1097 1538; x_wconf 83' lang='lat'>&#39;</span> 
     </span>
     <span class='ocr_line' id='line_1_10' title="bbox 131 1650 985 1733; baseline 0 -19"><span class='ocrx_word' id='word_1_49' title='bbox 131 1651 287 1733; x_wconf 88' lang='lat' dir='ltr'>Namque</span> <span class='ocrx_word' id='word_1_50' title='bbox 302 1652 335 1712; x_wconf 90' lang='lat' dir='ltr'>in</span> <span class='ocrx_word' id='word_1_51' title='bbox 351 1671 480 1713; x_wconf 88' lang='lat' dir='ltr'>secessu</span> <span class='ocrx_word' id='word_1_52' title='bbox 496 1650 596 1732; x_wconf 84' lang='lat' dir='ltr'>longo</span> <span class='ocrx_word' id='word_1_53' title='bbox 612 1651 814 1733; x_wconf 89' lang='lat' dir='ltr'>immanique</span> <span class='ocrx_word' id='word_1_54' title='bbox 830 1651 985 1716; x_wconf 89' lang='lat' dir='ltr'>barathro</span> 
     </span>
     <span class='ocr_line' id='line_1_11' title="bbox 130 1772 870 1855; baseline 0.001 -19"><span class='ocrx_word' id='word_1_55' title='bbox 130 1773 287 1848; x_wconf 90' lang='lat' dir='ltr'>AEtheris,</span> <span class='ocrx_word' id='word_1_56' title='bbox 304 1773 445 1855; x_wconf 83' lang='lat' dir='ltr'>egregiae</span> <span class='ocrx_word' id='word_1_57' title='bbox 462 1772 565 1835; x_wconf 94' lang='lat' dir='ltr'>moles</span> <span class='ocrx_word' id='word_1_58' title='bbox 582 1774 735 1854; x_wconf 90' lang='lat' dir='ltr'>apparuit</span> <span class='ocrx_word' id='word_1_59' title='bbox 752 1773 870 1837; x_wconf 90' lang='lat' dir='ltr'>Urbis:</span> 
     </span>
    </p>
   </div>
   <div class='ocr_carea' id='block_1_4' title="bbox 133 1892 1036 1977">
    <p class='ocr_par' dir='ltr' id='par_1_8' title="bbox 133 1892 1036 1977">
     <span class='ocr_line' id='line_1_12' title="bbox 133 1892 1036 1977; baseline 0.002 -21"><span class='ocrx_word' id='word_1_60' title='bbox 133 1894 218 1956; x_wconf 86' lang='lat' dir='ltr'>Haec</span> <span class='ocrx_word' id='word_1_61' title='bbox 234 1892 333 1956; x_wconf 85' lang='lat' dir='ltr'>facies</span> <span class='ocrx_word' id='word_1_62' title='bbox 349 1893 429 1955; x_wconf 93' lang='lat' dir='ltr'>mihi</span> <span class='ocrx_word' id='word_1_63' title='bbox 444 1894 551 1974; x_wconf 88' lang='lat' dir='ltr'>prima</span> <span class='ocrx_word' id='word_1_64' title='bbox 567 1892 629 1957; x_wconf 87' lang='lat' dir='ltr'>suit</span> <span class='ocrx_word' id='word_1_65' title='bbox 644 1913 652 1970; x_wconf 92' lang='lat'>;</span> <span class='ocrx_word' id='word_1_66' title='bbox 675 1914 782 1976; x_wconf 90' lang='lat' dir='ltr'>neque</span> <span class='ocrx_word' id='word_1_67' title='bbox 798 1895 931 1958; x_wconf 92' lang='lat' dir='ltr'>nomine</span> <span class='ocrx_word' id='word_1_68' title='bbox 944 1895 1036 1977; x_wconf 89' lang='lat' dir='ltr'>justo</span> 
     </span>
    </p>
   </div>
   <div class='ocr_carea' id='block_1_5' title="bbox 131 2014 1058 3916">
    <p class='ocr_par' dir='ltr' id='par_1_9' title="bbox 131 2014 1032 2340">
     <span class='ocr_line' id='line_1_13' title="bbox 131 2014 1017 2098; baseline 0.002 -21"><span class='ocrx_word' id='word_1_69' title='bbox 131 2015 221 2097; x_wconf 84' lang='lat' dir='ltr'>Quid</span> <span class='ocrx_word' id='word_1_70' title='bbox 238 2014 335 2078; x_wconf 87' lang='lat' dir='ltr'>fuerit</span> <span class='ocrx_word' id='word_1_71' title='bbox 351 2035 535 2077; x_wconf 89' lang='lat' dir='ltr'>memorare</span> <span class='ocrx_word' id='word_1_72' title='bbox 551 2015 644 2078; x_wconf 92' lang='lat' dir='ltr'>licet:</span> <span class='ocrx_word' id='word_1_73' title='bbox 667 2016 714 2077; x_wconf 92' lang='lat' dir='ltr'>sic</span> <span class='ocrx_word' id='word_1_74' title='bbox 730 2015 833 2079; x_wconf 89' lang='lat' dir='ltr'>densa</span> <span class='ocrx_word' id='word_1_75' title='bbox 849 2037 908 2098; x_wconf 89' lang='lat' dir='ltr'>per</span> <span class='ocrx_word' id='word_1_76' title='bbox 922 2038 1017 2080; x_wconf 88' lang='lat' dir='ltr'>auras</span> 
     </span>
     <span class='ocr_line' id='line_1_14' title="bbox 132 2135 1032 2218; baseline 0.004 -20"><span class='ocrx_word' id='word_1_77' title='bbox 132 2136 237 2199; x_wconf 92' lang='lat' dir='ltr'>Tecta</span> <span class='ocrx_word' id='word_1_78' title='bbox 252 2135 548 2217; x_wconf 84' lang='lat' dir='ltr'>columnarumque</span> <span class='ocrx_word' id='word_1_79' title='bbox 564 2136 679 2217; x_wconf 87' lang='lat' dir='ltr'>ingens</span> <span class='ocrx_word' id='word_1_80' title='bbox 696 2136 775 2198; x_wconf 93' lang='lat' dir='ltr'>mihi</span> <span class='ocrx_word' id='word_1_81' title='bbox 791 2138 886 2218; x_wconf 89' lang='lat' dir='ltr'>sylva</span> <span class='ocrx_word' id='word_1_82' title='bbox 900 2139 1032 2202; x_wconf 90' lang='lat' dir='ltr'>videtur</span> 
     </span>
     <span class='ocr_line' id='line_1_15' title="bbox 132 2256 898 2340; baseline 0.001 -20"><span class='ocrx_word' id='word_1_83' title='bbox 132 2258 262 2320; x_wconf 90' lang='lat' dir='ltr'>Vertier</span> <span class='ocrx_word' id='word_1_84' title='bbox 277 2259 309 2318; x_wconf 96' lang='lat' dir='ltr'>in</span> <span class='ocrx_word' id='word_1_85' title='bbox 326 2278 407 2332; x_wconf 88' lang='lat' dir='ltr'>sese,</span> <span class='ocrx_word' id='word_1_86' title='bbox 423 2256 591 2340; x_wconf 85' lang='lat' dir='ltr'>longoque</span> <span class='ocrx_word' id='word_1_87' title='bbox 607 2257 743 2320; x_wconf 90' lang='lat' dir='ltr'>reducta</span> <span class='ocrx_word' id='word_1_88' title='bbox 759 2279 898 2333; x_wconf 90' lang='lat' dir='ltr'>recessu,</span> 
     </span>
    </p>

    <p class='ocr_par' dir='ltr' id='par_1_10' title="bbox 131 2377 1058 3432">
     <span class='ocr_line' id='line_1_16' title="bbox 134 2377 1058 2461; baseline 0.001 -19"><span class='ocrx_word' id='word_1_89' title='bbox 134 2378 203 2442; x_wconf 91' lang='lat' dir='ltr'>Ceu</span> <span class='ocrx_word' id='word_1_90' title='bbox 220 2377 398 2460; x_wconf 91' lang='lat' dir='ltr'>splendens</span> <span class='ocrx_word' id='word_1_91' title='bbox 414 2379 590 2460; x_wconf 87' lang='lat' dir='ltr'>penetrale,</span> <span class='ocrx_word' id='word_1_92' title='bbox 607 2380 772 2442; x_wconf 91' lang='lat' dir='ltr'>incassum</span> <span class='ocrx_word' id='word_1_93' title='bbox 788 2400 934 2461; x_wconf 83' lang='lat' dir='ltr'>quaerere</span> <span class='ocrx_word' id='word_1_94' title='bbox 950 2381 1058 2444; x_wconf 89' lang='lat' dir='ltr'>finem.</span> 
     </span>
     <span class='ocr_line' id='line_1_17' title="bbox 131 2500 975 2581; baseline 0.001 -17"><span class='ocrx_word' id='word_1_95' title='bbox 131 2500 247 2564; x_wconf 86' lang='lat' dir='ltr'>Aurea</span> <span class='ocrx_word' id='word_1_96' title='bbox 264 2520 431 2562; x_wconf 91' lang='lat' dir='ltr'>murorum</span> <span class='ocrx_word' id='word_1_97' title='bbox 448 2510 481 2562; x_wconf 89' lang='lat' dir='ltr'>et</span> <span class='ocrx_word' id='word_1_98' title='bbox 497 2501 637 2581; x_wconf 88' lang='lat' dir='ltr'>gemmis</span> <span class='ocrx_word' id='word_1_99' title='bbox 653 2501 809 2563; x_wconf 92' lang='lat' dir='ltr'>distincta</span> <span class='ocrx_word' id='word_1_100' title='bbox 825 2513 975 2565; x_wconf 85' lang='lat' dir='ltr'>coruscat</span> 
     </span>
     <span class='ocr_line' id='line_1_18' title="bbox 134 2622 974 2704; baseline -0.002 -17"><span class='ocrx_word' id='word_1_101' title='bbox 134 2623 322 2704; x_wconf 78' lang='lat' dir='ltr'>Congeries</span> <span class='ocrx_word' id='word_1_102' title='bbox 338 2630 476 2702; x_wconf 88' lang='lat' dir='ltr'>argento</span> <span class='ocrx_word' id='word_1_103' title='bbox 491 2622 611 2702; x_wconf 90' lang='lat' dir='ltr'>apices,</span> <span class='ocrx_word' id='word_1_104' title='bbox 627 2630 661 2684; x_wconf 92' lang='lat' dir='ltr'>et</span> <span class='ocrx_word' id='word_1_105' title='bbox 676 2631 764 2685; x_wconf 89' lang='lat' dir='ltr'>tecta</span> <span class='ocrx_word' id='word_1_106' title='bbox 780 2622 974 2686; x_wconf 90' lang='lat' dir='ltr'>domorum:</span> 
     </span>
     <span class='ocr_line' id='line_1_19' title="bbox 133 2743 928 2824; baseline -0.003 -16"><span class='ocrx_word' id='word_1_107' title='bbox 133 2745 247 2808; x_wconf 90' lang='lat' dir='ltr'>Altius</span> <span class='ocrx_word' id='word_1_108' title='bbox 263 2751 440 2824; x_wconf 89' lang='lat' dir='ltr'>assurgunt</span> <span class='ocrx_word' id='word_1_109' title='bbox 455 2744 576 2806; x_wconf 87' lang='lat' dir='ltr'>vitreas</span> <span class='ocrx_word' id='word_1_110' title='bbox 592 2743 742 2806; x_wconf 90' lang='lat' dir='ltr'>tabulata</span> <span class='ocrx_word' id='word_1_111' title='bbox 758 2764 817 2824; x_wconf 92' lang='lat' dir='ltr'>per</span> <span class='ocrx_word' id='word_1_112' title='bbox 831 2765 928 2806; x_wconf 89' lang='lat' dir='ltr'>auras</span> 
     </span>
     <span class='ocr_line' id='line_1_20' title="bbox 135 2864 934 2946; baseline -0.003 -16"><span class='ocrx_word' id='word_1_113' title='bbox 135 2868 340 2930; x_wconf 88' lang='lat' dir='ltr'>Hortorum:</span> <span class='ocrx_word' id='word_1_114' title='bbox 363 2874 434 2927; x_wconf 92' lang='lat' dir='ltr'>tum</span> <span class='ocrx_word' id='word_1_115' title='bbox 451 2864 539 2927; x_wconf 91' lang='lat' dir='ltr'>clara</span> <span class='ocrx_word' id='word_1_116' title='bbox 554 2884 635 2926; x_wconf 91' lang='lat' dir='ltr'>auro</span> <span class='ocrx_word' id='word_1_117' title='bbox 650 2864 804 2945; x_wconf 81' lang='lat' dir='ltr'>praetoria</span> <span class='ocrx_word' id='word_1_118' title='bbox 820 2884 934 2946; x_wconf 85' lang='lat' dir='ltr'>regum</span> 
     </span>
     <span class='ocr_line' id='line_1_21' title="bbox 134 2985 941 3066; baseline -0.004 -15"><span class='ocrx_word' id='word_1_119' title='bbox 134 2988 259 3052; x_wconf 90' lang='lat' dir='ltr'>Ordine</span> <span class='ocrx_word' id='word_1_120' title='bbox 275 2987 439 3050; x_wconf 85' lang='lat' dir='ltr'>collucent</span> <span class='ocrx_word' id='word_1_121' title='bbox 455 2995 564 3048; x_wconf 87' lang='lat' dir='ltr'>recto:</span> <span class='ocrx_word' id='word_1_122' title='bbox 587 2988 757 3066; x_wconf 88' lang='lat' dir='ltr'>turresque</span> <span class='ocrx_word' id='word_1_123' title='bbox 774 2985 941 3048; x_wconf 92' lang='lat' dir='ltr'>minantur</span> 
     </span>
     <span class='ocr_line' id='line_1_22' title="bbox 135 3102 1020 3186; baseline -0.001 -15"><span class='ocrx_word' id='word_1_124' title='bbox 135 3107 365 3172; x_wconf 89' lang='lat' dir='ltr'>Culminibus:</span> <span class='ocrx_word' id='word_1_125' title='bbox 387 3107 480 3186; x_wconf 85' lang='lat' dir='ltr'>queis</span> <span class='ocrx_word' id='word_1_126' title='bbox 496 3103 642 3184; x_wconf 85' lang='lat' dir='ltr'>stellanti</span> <span class='ocrx_word' id='word_1_127' title='bbox 660 3102 749 3167; x_wconf 86' lang='lat' dir='ltr'>frons</span> <span class='ocrx_word' id='word_1_128' title='bbox 764 3103 895 3169; x_wconf 80' lang='lat' dir='ltr'>daedala</span> <span class='ocrx_word' id='word_1_129' title='bbox 911 3108 1020 3170; x_wconf 88' lang='lat' dir='ltr'>cinctu</span> 
     </span>
     <span class='ocr_line' id='line_1_23' title="bbox 136 3225 898 3309; baseline 0 -18"><span class='ocrx_word' id='word_1_130' title='bbox 136 3228 229 3292; x_wconf 90' lang='lat' dir='ltr'>Mille</span> <span class='ocrx_word' id='word_1_131' title='bbox 244 3227 408 3291; x_wconf 83' lang='lat' dir='ltr'>coloratur</span> <span class='ocrx_word' id='word_1_132' title='bbox 422 3227 572 3308; x_wconf 83' lang='lat' dir='ltr'>gemmis,</span> <span class='ocrx_word' id='word_1_133' title='bbox 588 3225 753 3309; x_wconf 82' lang='lat' dir='ltr'>longeque</span> <span class='ocrx_word' id='word_1_134' title='bbox 768 3228 898 3291; x_wconf 89' lang='lat' dir='ltr'>relucet.</span> 
     </span>
     <span class='ocr_line' id='line_1_24' title="bbox 135 3347 901 3432; baseline 0.001 -21"><span class='ocrx_word' id='word_1_135' title='bbox 135 3350 268 3432; x_wconf 84' lang='lat' dir='ltr'>Quippe</span> <span class='ocrx_word' id='word_1_136' title='bbox 283 3349 349 3411; x_wconf 93' lang='lat' dir='ltr'>suis</span> <span class='ocrx_word' id='word_1_137' title='bbox 366 3347 495 3411; x_wconf 92' lang='lat' dir='ltr'>Natura</span> <span class='ocrx_word' id='word_1_138' title='bbox 511 3347 618 3410; x_wconf 90' lang='lat' dir='ltr'>modis</span> <span class='ocrx_word' id='word_1_139' title='bbox 634 3347 791 3410; x_wconf 87' lang='lat' dir='ltr'>miracula</span> <span class='ocrx_word' id='word_1_140' title='bbox 805 3357 901 3412; x_wconf 89' lang='lat' dir='ltr'>tanta</span> 
     </span>
    </p>

    <p class='ocr_par' dir='ltr' id='par_1_11' title="bbox 136 3467 1022 3674">
     <span class='ocr_line' id='line_1_25' title="bbox 136 3467 1022 3553; baseline 0.001 -19"><span class='ocrx_word' id='word_1_141' title='bbox 136 3471 215 3553; x_wconf 87' lang='lat' dir='ltr'>Ipsa</span> <span class='ocrx_word' id='word_1_142' title='bbox 231 3470 343 3542; x_wconf 90' lang='lat' dir='ltr'>dabat,</span> <span class='ocrx_word' id='word_1_143' title='bbox 360 3488 491 3551; x_wconf 89' lang='lat' dir='ltr'>sparsos</span> <span class='ocrx_word' id='word_1_144' title='bbox 507 3467 635 3549; x_wconf 87' lang='lat' dir='ltr'>fingens</span> <span class='ocrx_word' id='word_1_145' title='bbox 651 3469 683 3530; x_wconf 94' lang='lat' dir='ltr'>in</span> <span class='ocrx_word' id='word_1_146' title='bbox 700 3479 848 3532; x_wconf 93' lang='lat' dir='ltr'>monstra</span> <span class='ocrx_word' id='word_1_147' title='bbox 863 3491 1022 3552; x_wconf 89' lang='lat' dir='ltr'>vapores:</span> 
     </span>
     <span class='ocr_line' id='line_1_26' title="bbox 136 3588 887 3674; baseline -0.003 -20"><span class='ocrx_word' id='word_1_148' title='bbox 136 3591 230 3674; x_wconf 87' lang='lat' dir='ltr'>Quos</span> <span class='ocrx_word' id='word_1_149' title='bbox 246 3590 366 3653; x_wconf 71' lang='lat' dir='ltr'>dextra</span> <span class='ocrx_word' id='word_1_150' title='bbox 382 3588 555 3665; x_wconf 84' lang='lat' dir='ltr'>formabat,</span> <span class='ocrx_word' id='word_1_151' title='bbox 571 3589 626 3651; x_wconf 94' lang='lat' dir='ltr'>ubi</span> <span class='ocrx_word' id='word_1_152' title='bbox 642 3609 768 3651; x_wconf 89' lang='lat' dir='ltr'>cessere</span> <span class='ocrx_word' id='word_1_153' title='bbox 783 3589 887 3652; x_wconf 87' lang='lat' dir='ltr'>voluti</span> 
     </span>
    </p>

    <p class='ocr_par' dir='ltr' id='par_1_12' title="bbox 137 3710 988 3916">
     <span class='ocr_line' id='line_1_27' title="bbox 138 3710 981 3794; baseline -0.001 -18"><span class='ocrx_word' id='word_1_154' title='bbox 138 3715 178 3777; x_wconf 92' lang='lat' dir='ltr'>ln</span> <span class='ocrx_word' id='word_1_155' title='bbox 194 3733 291 3794; x_wconf 90' lang='lat' dir='ltr'>rupes</span> <span class='ocrx_word' id='word_1_156' title='bbox 307 3711 458 3792; x_wconf 87' lang='lat' dir='ltr'>altosque</span> <span class='ocrx_word' id='word_1_157' title='bbox 473 3710 571 3784; x_wconf 92' lang='lat' dir='ltr'>sinus,</span> <span class='ocrx_word' id='word_1_158' title='bbox 588 3718 803 3792; x_wconf 91' lang='lat' dir='ltr'>montemque</span> <span class='ocrx_word' id='word_1_159' title='bbox 818 3712 981 3792; x_wconf 91' lang='lat' dir='ltr'>supinum,</span> 
     </span>
     <span class='ocr_line' id='line_1_28' title="bbox 137 3830 988 3916; baseline 0 -19"><span class='ocrx_word' id='word_1_160' title='bbox 137 3834 253 3916; x_wconf 91' lang='lat' dir='ltr'>Atque</span> <span class='ocrx_word' id='word_1_161' title='bbox 268 3832 313 3895; x_wconf 91' lang='lat' dir='ltr'>ibi</span> <span class='ocrx_word' id='word_1_162' title='bbox 329 3830 468 3895; x_wconf 72' lang='lat' dir='ltr'>caerulea</span> <span class='ocrx_word' id='word_1_163' title='bbox 484 3839 663 3913; x_wconf 88' lang='lat' dir='ltr'>posuerunt</span> <span class='ocrx_word' id='word_1_164' title='bbox 679 3840 786 3894; x_wconf 87' lang='lat' dir='ltr'>castra</span> <span class='ocrx_word' id='word_1_165' title='bbox 800 3833 863 3896; x_wconf 92' lang='lat' dir='ltr'>sub</span> <span class='ocrx_word' id='word_1_166' title='bbox 878 3834 988 3898; x_wconf 74' lang='lat' dir='ltr'>aethra.</span> 
     </span>
    </p>
   </div>
   <div class='ocr_carea' id='block_1_6' title="bbox 0 0 1437 4586">
    <p class='ocr_par' dir='ltr' id='par_1_13' title="bbox 0 0 1437 4586">
     <span class='ocr_line' id='line_1_29' title="bbox 0 0 1437 4586; baseline 0 0"><span class='ocrx_word' id='word_1_167' title='bbox 0 0 1437 4586; x_wconf 95' lang='lat' dir='ltr'> </span> 
     </span>
    </p>
   </div>
  </div>
 </body>
</html>
