2838 4586
502 396 594 449 AND
616 395 766 449 POEMS.

606 974 662 1037 IV.

141 1177 171 1242 Ο
189 1191 285 1242 DEUS
301 1178 521 1259 armipotens!
544 1178 650 1260 rigido
665 1179 720 1260 qui
734 1177 808 1260 jure
824 1186 985 1259 tyrannus

141 1298 289 1361 Marmor
305 1298 572 1381 Hyperboreum,
588 1299 644 1381 qui
660 1298 779 1381 frigore
794 1299 876 1364 dura
893 1300 1053 1362 Trionum

142 1420 260 1501 Regna
274 1419 404 1502 premis,
421 1418 682 1502 Scythicumque
697 1420 791 1502 gelu:
814 1421 865 1483 cui
883 1420 1023 1486 Thracia
1039 1434 1133 1504 paret

141 1540 217 1615 Ora,
233 1540 293 1604 tibi
309 1561 384 1623 quae
400 1548 508 1602 servat
523 1561 634 1622 equos,
650 1540 710 1604 tibi
727 1541 835 1603 reddit
851 1541 991 1604 honores

117 1729 119 1738 ¹
141 1663 343 1744 Praecipuus:
366 1682 558 1744 quanquam
575 1661 664 1724 nulla
680 1683 745 1725 non
763 1683 885 1725 numen
902 1664 934 1725 in
951 1667 1009 1726 ora

141 1783 215 1847 Stet
230 1784 299 1858 tibi,
316 1792 349 1846 et
365 1784 500 1846 arbitrio
516 1782 605 1846 solus
621 1784 748 1863 potiare
764 1783 875 1859 duelli,

140 1905 190 1966 Te
205 1925 306 1987 penes
323 1904 376 1967 ille
391 1925 495 1986 pavor
508 1904 596 1979 belli,
612 1905 663 1967 cui
679 1925 791 1968 currus
807 1907 897 1968 eunti

142 2027 291 2090 Heroum
308 2029 437 2091 incusso
452 2028 536 2090 vires
553 2036 675 2090 terrore
691 2027 855 2092 retundit:

140 2149 228 2211 Tum
245 2149 325 2212 fusae
340 2151 410 2212 sine
426 2149 500 2231 lege
516 2149 610 2224 acies,
627 2157 699 2212 tum
715 2148 863 2212 cladibus
881 2151 982 2214 instat

142 2271 304 2344 Dedecus
321 2279 356 2334 at
373 2270 475 2333 lassas
491 2269 595 2334 reficit
609 2272 658 2333 vis
675 2271 790 2333 addita
806 2280 940 2335 turmas.

141 2392 194 2455 Ne
209 2402 329 2466 tamen,
347 2393 497 2474 ingentes
513 2391 598 2454 adeo
613 2392 672 2454 tibi
689 2401 805 2455 nactus
820 2392 969 2470 honores,

142 2513 194 2575 Ne
210 2521 339 2576 nostras
354 2523 531 2576 contemne
546 2532 677 2593 preces:
699 2521 734 2575 te
750 2513 776 2574 si
792 2534 858 2596 qua
874 2517 1029 2578 merentis

142 2635 229 2699 Cura
245 2635 309 2697 mei
326 2634 442 2716 tangit,
458 2635 572 2697 stricto
589 2634 615 2695 si
633 2634 782 2696 cominus
799 2655 877 2697 ense

142 2757 226 2820 Fata
241 2776 382 2838 sequens
399 2763 558 2829 extrema,
576 2774 692 2817 manus
708 2755 786 2817 dare
803 2755 929 2818 nescius
945 2754 1032 2818 hosti

142 2878 258 2941 Praelia
273 2877 431 2952 conserui,
447 2877 590 2958 patrium
607 2895 715 2959 neque
730 2898 868 2941 cernuus
884 2898 1003 2960 agmen

142 3000 304 3064 Destitui:
324 2999 394 3082 jam
412 3018 498 3060 nunc
514 3019 572 3062 oro
588 3008 630 3074 te,
647 3019 777 3081 magne,
792 3000 949 3081 triumphi

141 3121 287 3204 Auspice
303 3120 458 3184 dilectam
475 3119 563 3184 bello
579 3120 715 3183 duxisse
730 3119 882 3202 puellam.
