2838 4586
503 385 596 440 ΛΝΒ
619 384 769 438 POEMS.

614 964 659 1027 II.

141 1155 200 1218 AT
218 1156 297 1219 mihi
313 1155 517 1238 praecipuum
533 1155 610 1217 vitae
627 1153 775 1216 mortalis
790 1153 949 1216 honorem

138 1277 213 1340 'Pax
229 1277 367 1338 immota
383 1275 505 1338 dabat:
528 1295 588 1337 nec
605 1275 692 1337 enim
710 1272 788 1335 mihi
805 1275 909 1336 carior
924 1272 1013 1346 hora,

141 1399 253 1482 Quam
269 1403 335 1483 qua
351 1399 526 1481 pendentis
542 1408 646 1460 strato
661 1399 725 1460 sub
741 1395 863 1460 fornice
879 1396 953 1460 saxi

142 1521 203 1583 Per
217 1521 334 1603 longos
349 1529 482 1603 sperata
497 1520 566 1583 dies
582 1540 650 1582 vox
666 1526 782 1582 sancta
796 1517 950 1600 profundi

141 1642 277 1723 Impulit
293 1651 435 1705 arrectas
451 1641 625 1704 dulcedine
640 1638 743 1703 serilrs
758 1659 861 1702 aures.

140 1763 240 1826 Nulla
256 1763 318 1825 sub
334 1763 483 1826 aestivam
499 1761 610 1825 rubuit
626 1759 707 1822 mihi
722 1761 871 1842 Vespera
887 1768 1028 1833 noctem,

139 1884 228 1967 Quin
245 1885 335 1949 tenui
351 1904 465 1948 narem
481 1884 657 1946 subvectus
673 1881 770 1945 lintre
785 1881 966 1944 secundum

140 2005 277 2068 Littoris
292 2006 431 2069 acclives
447 2004 567 2086 sylvaS,
583 2004 610 2066 si
626 2002 736 2066 fistula
752 2002 886 2085 quando

140 2127 193 2189 De
209 2147 289 2208 rupe
305 2127 393 2190 a'e'ria
407 2135 549 2202 caneret,
566 2125 731 2208 mixtique
746 2132 901 2188 sonarent

139 2248 287 2312 Assiduo
303 2248 415 2312 balatu
432 2249 516 2330 agni.
564 2247 636 2310 Nec
652 2267 750 2309 mane
766 2245 893 2308 nitebat

140 2371 271 2433 AEstivo
287 2369 463 2452 splendore
479 2369 558 2445 dies,
574 2369 654 2451 quin
671 2367 713 2431 de
728 2367 797 2430 sale
813 2366 921 2429 lucem

141 2493 343 2555 Nascentem
360 2491 560 2572 aspicerem:
584 2499 699 2552 noctes
714 2509 859 2571 namque
876 2508 980 2570 usque
996 2508 1127 2551 serenas

142 2614 315 2678 Ducebam
333 2611 491 2685 excubiis,
506 2610 596 2684 dum,
611 2608 686 2672 coeli
703 2609 816 2672 limine
832 2618 957 2690 aperto,

142 2733 259 2797 Latiirs
276 2733 401 2798 Oceani
419 2732 564 2796 tumidos
581 2729 708 2794 efflaret
722 2731 756 2792 in
771 2751 888 2793 amnes

141 2856 242 2918 Mane
258 2876 335 2918 suos
351 2855 444 2936 ignes
461 2852 641 2927 Phaethon,
657 2872 839 2934 aurumque
854 2871 1034 2915 coruscum.

141 2977 225 3041 Orta
241 2977 326 3039 adeo
340 2976 398 3038 vix
415 2974 494 3048 luce,
511 2973 620 3036 herbis
637 2972 716 3035 mihi
733 2972 800 3036 lina
812 2972 969 3054 jacebant

139 3098 197 3160 Ad
214 3097 317 3161 solem
334 3097 462 3170 diffusa,
478 3104 513 3158 at
529 3115 583 3157 me
598 3115 697 3176 sopor
712 3093 798 3156 altus
814 3093 967 3157 habebat.

143 3221 247 3302 Inque
264 3219 352 3282 diem
369 3219 483 3300 pisces
501 3226 666 3300 quotquot
683 3216 772 3278 fovet
788 3237 845 3278 ora
861 3215 995 3289 colonis,

143 3341 286 3405 Delicias
303 3341 410 3413 maris
427 3359 578 3421 appono:
601 3359 676 3421 quae
693 3357 838 3412 munera,
854 3337 1006 3419 cuiquam

143 3464 264 3526 Incerti
280 3447 465 3525 reserantne
480 3461 553 3534 de0,
570 3459 724 3522 laetantnr
739 3459 843 3541 egeni,

144 3583 331 3667 Suaviaque
348 3581 506 3645 incultam
524 3587 745 3662 conspergunt
760 3588 848 3642 serta
863 3599 922 3660 per
937 3598 1037 3641 oram.
