2838 4586
640 405 667 458 T
664 405 828 458 RANSLA
836 406 960 460 TIONS

750 1420 846 1482 XIX.

589 1654 645 1712 LA
655 1655 709 1714 US
732 1654 1006 1712 ELEPHANTI.

318 1827 449 1889 (Versiculi
461 1827 556 1892 aliquot
569 1829 685 1876 carminis
698 1829 724 1876 in
733 1827 796 1876 ieras
808 1827 938 1876 hominum
950 1835 1003 1877 arte
1014 1826 1123 1876 domitas
1135 1827 1291 1890 conscripti.)

733 2049 873 2077 —000—

299 2278 359 2342 AT
375 2300 483 2362 neque
500 2288 677 2342 montanas
693 2299 817 2342 acuens
833 2280 882 2342 vis
900 2279 997 2360 ignea
1013 2279 1124 2360 tigres,

301 2401 372 2463 Nec
388 2400 448 2464 tibi
464 2400 680 2482 cornipedum
696 2409 838 2463 certaret
854 2400 952 2463 robur
968 2419 1128 2481 equorum

301 2522 426 2596 Laude,
443 2520 588 2603 Elephas
606 2522 841 2597 memorande;
865 2521 926 2583 tibi
942 2520 1112 2608 praedator
1125 2521 1268 2601 agrestis

300 2643 399 2706 Cedit
414 2664 503 2725 aper,
521 2643 692 2725 rabidique
708 2651 887 2724 assurgunt
900 2643 973 2724 jure
989 2643 1109 2705 leones

300 2764 447 2828 Grandia
464 2765 551 2827 enim
568 2765 699 2846 quoties
716 2763 840 2826 moliris
857 2762 1005 2844 pondera
1020 2783 1160 2835 crurum,

300 2883 483 2967 Plantaque
500 2884 635 2946 immani
652 2893 774 2947 terram
791 2884 925 2965 premiS,
942 2884 1116 2946 intremere
1132 2885 1241 2946 omnis

298 3007 398 3068 Visus
415 3027 503 3087 ager,
518 3006 723 3089 longumque
737 3006 832 3068 dedit
848 3005 942 3087 sylva
958 3006 1025 3068 ima
1041 3005 1214 3088 fragorem.

300 3127 422 3190 Nescio
438 3147 538 3210 quem
556 3136 704 3189 montem
721 3128 845 3190 turritis
862 3128 907 3189 ire
923 3126 1085 3190 columnis

298 3249 372 3311 Aut
389 3247 559 3311 Rhodium
576 3247 691 3310 credas
707 3248 799 3310 lucos
814 3246 965 3312 habitare
982 3248 1153 3322 Colosson,

300 3371 409 3435 Tanta
426 3369 514 3433 mole
529 3370 624 3452 gigas
639 3368 788 3432 collisam
805 3370 944 3451 proterit
960 3368 1116 3432 herbam!
1192 3445 1194 3450 ι

299 3492 361 3555 llle
376 3502 489 3555 tamen
505 3499 623 3572 captus
639 3498 753 3552 nostro
769 3510 834 3552 non
852 3490 957 3553 defuit
975 3511 1055 3553 usu:

298 3613 416 3676 Taedia
432 3634 489 3675 seu
505 3611 639 3694 patitur,
653 3611 794 3673 vestitus
812 3612 936 3674 murice
952 3611 1097 3686 dorsum,

299 3734 392 3797 Dura
407 3734 479 3809 viae,
495 3732 697 3815 stimuloque
712 3732 836 3812 aurigae
853 3733 1011 3813 pungitur
1026 3733 1110 3796 acri:

299 3855 366 3920 Seu
382 3854 497 3918 docilis
514 3863 625 3917 movet
641 3854 773 3936 ignaros
790 3853 822 3914 in
839 3853 921 3916 retia
938 3852 1055 3916 fratres
