2838 4586
282 379 300 434 6
596 377 802 433 PERICULA
834 379 958 434 URBIS.

283 559 328 622 Di
345 555 470 622 cunctis
489 556 614 620 Primas
631 556 782 622 Classes!
827 557 955 640 Tuque,
971 557 1105 639 optime,
1122 557 1149 619 si
1164 557 1214 621 vis

284 681 368 743 Esse
383 677 516 761 aliquid,
533 678 736 762 Quartaeque
752 688 846 743 tuum
863 701 929 742 non
945 679 1067 741 addere
1083 679 1222 760 pondus,

287 801 358 864 Nec
377 803 510 883 (sortem
528 799 698 864 infandam
713 800 733 882 l)
751 820 926 864 numeroso
942 801 974 862 in
995 800 1134 882 Gurgite
1148 802 1284 883 mergi*

284 921 398 985 Scribe
413 921 503 1003 quod
520 920 703 984 Austinum
719 921 836 1002 sapiat,
854 920 1027 983 Millumve
1043 921 1211 985 dicacem:

283 1043 360 1104 Non
374 1042 429 1106 hic
446 1042 622 1106 Romuleae
638 1051 696 1104 tua
712 1062 844 1105 summa
859 1042 977 1124 peritia
993 1041 1115 1123 linguae

282 1163 416 1238 Profuit,
433 1174 491 1227 aut
509 1163 598 1227 Graii
616 1163 743 1226 Primas
760 1183 907 1226 meruere
922 1162 1049 1244 lepores
1059 1183 1066 1239 ;

283 1284 375 1348 Mille
391 1284 596 1348 soloecismos
612 1283 710 1347 liceat
726 1283 842 1348 fecisse
860 1284 1060 1365 Sophistam.

324 1527 375 1592 At
390 1527 451 1591 tibi
467 1526 549 1590 dura
565 1526 688 1609 legens,
703 1548 769 1589 non
786 1526 962 1590 infortunia
978 1526 1058 1589 soli:

280 1647 370 1730 Quid
383 1648 529 1730 juvenes,
547 1650 640 1730 queis
655 1648 820 1729 contingit
836 1651 898 1712 sub
913 1649 1058 1729 vesperis
1075 1648 1199 1721 horam,

283 1769 396 1851 (Cogit
412 1771 500 1831 enim
519 1768 692 1849 matrona)
712 1788 837 1832 meram
854 1769 985 1830 sorbere
1002 1768 1160 1846 Boheam,

281 1891 503 1972 Crustulaque
520 1891 653 1954 urbanis
670 1889 913 1953 circumvehere
929 1897 1028 1952 uncta
1044 1887 1187 1970 puellis?

281 2011 390 2093 Quam
408 2011 555 2093 linguam
573 2011 736 2092 oppressit
750 2009 930 2092 juvenilem
947 2018 1079 2090 tempus
1096 2010 1255 2092 iniquum,

281 2132 326 2195 Et
342 2140 445 2214 quota
461 2132 600 2213 captivis
615 2132 708 2213 virgo
725 2153 759 2194 se
772 2132 878 2213 jactat
893 2131 1051 2194 alumnis!

281 2253 379 2317 Stant
395 2253 529 2333 passim,
546 2253 656 2315 vittati
673 2273 798 2326 omnes,
814 2273 874 2315 ceu
891 2253 1034 2315 victimae
1052 2252 1095 2315 ad
1112 2273 1195 2325 aras,

281 2373 420 2455 Gurgite
436 2374 640 2454 bombycum
657 2374 825 2456 absorpti:
848 2383 944 2436 tanto
959 2374 1092 2455 agmine
1108 2374 1207 2436 vestis

282 2495 420 2560 Femina
436 2515 472 2557 se
488 2496 594 2558 cinxit
611 2496 761 2577 propriae,
778 2495 979 2576 cohibetque
996 2516 1187 2577 regressum.

280 2617 423 2700 Jamque
439 2638 555 2679 omnes
572 2637 677 2698 nugas
693 2617 736 2680 de
752 2625 952 2698 tempestate
968 2616 1078 2691 locuti,

280 2737 353 2801 Aut
369 2759 474 2800 vacuo
489 2738 590 2818 capiti
606 2737 633 2800 si
649 2738 730 2818 quid
747 2736 941 2817 praesentius
958 2737 1054 2811 adsit,

282 2861 474 2942 Expectant
491 2859 614 2932 blandi,
631 2858 716 2942 (jam
733 2858 912 2921 cantatrice
928 2857 1072 2937 vocata)

284 2987 386 3049 Haud
405 3007 478 3048 raro
494 2986 647 3048 auditum
663 3005 806 3058 carmen,
823 2984 1054 3066 ‘Rivumque'
1071 2987 1280 3066 perennemt

283 3109 344 3173 Cui
361 3107 435 3170 finis
452 3128 564 3170 cursus
582 3107 690 3169 nullus
707 3107 823 3169 datur:
848 3105 903 3168 illa
919 3106 1058 3168 canendi

314 3243 328 3268 *
347 3242 587 3306 Gurgite-Fabula
598 3242 723 3305 antiquior
734 3250 779 3301 est,
793 3242 916 3305 gurgitem
933 3242 1060 3306 quondam
1077 3243 1160 3290 subito
1178 3258 1205 3292 se
1222 3259 1280 3307 ape-

281 3325 358 3374 ruisse
374 3324 400 3372 in
417 3323 500 3372 media
518 3322 585 3373 nult
605 3324 752 3372 scholarum.
791 3324 948 3387 Responsum
968 3325 1040 3373 datur
1060 3325 1201 3389 petentibus
1218 3342 1280 3390 quo·

281 3407 357 3456 modo
373 3406 508 3465 claudatur,
523 3405 633 3469 injiciant
649 3405 680 3455 eb
697 3422 749 3454 rem
766 3422 842 3470 quarn
858 3406 966 3456 habeant
982 3407 1134 3456 vilissimam.
1173 3409 1281 3459 Proinde

281 3489 523 3539 Vice-Cancellarius
540 3483 638 3537 lictores
656 3488 728 3552 jussit
746 3489 839 3538 vincire
857 3505 907 3549 eos,
922 3491 973 3554 qui,
988 3506 1065 3554 quum
1079 3491 1184 3539 honores
1201 3493 1280 3540 ambi·

282 3573 365 3631 issent,
388 3571 483 3620 nullam
500 3579 583 3620 tamen
606 3571 709 3619 classem
732 3572 816 3635 adepti
839 3579 929 3623 essent.
967 3573 1016 3620 His
1034 3573 1059 3620 in
1076 3573 1219 3622 barathrum
1238 3575 1280 3624 de·

280 3654 352 3702 trusis
375 3654 462 3714 solida,
483 3662 511 3703 ut
531 3662 596 3714 ante,
622 3653 649 3702 fit
673 3661 744 3703 terra.
783 3654 840 3701 Mos
860 3654 968 3702 solennis
991 3655 1049 3703 inde
1073 3656 1281 3706 examinatoribus

280 3737 389 3798 traditur,
404 3753 478 3802 quem
490 3737 572 3786 cinctu
584 3737 684 3806 Gabino
697 3736 776 3785 habiti
788 3737 919 3800 quotannis
933 3739 1105 3786 servant-C.
1115 3737 1177 3787 V.G.

476 3821 495 3876 †
515 3825 522 3847 ‘
535 3821 585 3868 For
596 3835 653 3867 men
665 3835 723 3882 may
734 3835 806 3868 come
816 3819 866 3867 and
878 3835 935 3867 rnen
947 3835 1004 3882 may
1015 3835 1056 3882 go,

594 3903 642 3950 But
655 3902 666 3949 I
678 3917 711 3965 go
724 3917 757 3950 on
768 3901 806 3950 sor
817 3899 1067 3964 ever.¹—Termyson.
