2838 4586
620 829 645 894 Ι.

405 1037 658 1106 PERICULA
700 1041 854 1106 URBIS.

546 1227 567 1268 A
589 1227 709 1271 SATIRE.

331 1476 434 1524 ‘Finem
447 1478 560 1541 impenso
571 1495 621 1528 non
631 1481 822 1546 servatprodtga
833 1481 931 1530 Roma.’

133 1767 328 1832 PARNASSO
344 1769 525 1836 descende:
548 1764 704 1836 Gradus*
721 1774 863 1858 Carique
879 1773 1036 1849 libellum,

132 1888 239 1964 Musa,
256 1890 335 1952 nihil
352 1901 480 1955 nostros
496 1893 559 1955 scis
574 1893 751 1976 profecisse
766 1895 914 1959 labores:
1073 1869 1076 1878 Ι

132 2010 292 2074 Parnasso
308 2011 471 2076 descende
484 2034 491 2091 ;
514 2013 723 2099 humilesque
739 2018 841 2080 invise
855 2017 994 2099 paludes

131 2131 203 2207 Isis,
219 2141 252 2194 et
267 2131 441 2197 humentes
458 2135 553 2216 ripas,
569 2146 769 2219 gentemque
784 2146 944 2219 togatam.

173 2374 219 2437 Et
236 2395 295 2437 nos
311 2396 389 2457 ergo
405 2375 504 2439 hodie
519 2377 664 2441 delectat
680 2377 770 2441 nulla
782 2379 934 2461 jocorum

130 2496 259 2578 Copia?
306 2497 436 2579 Nempe
451 2499 559 2580 agitur
574 2508 646 2562 toto
664 2499 839 2564 Comoedia
854 2502 941 2565 rivo:

129 2617 371 2699 Materiemque
387 2617 448 2700 ipsi
465 2628 599 2682 sumant
614 2641 658 2682 ex
674 2640 772 2682 amne
789 2619 955 2702 Tragoedi.

128 2738 247 2802 Stridit
262 2737 389 2820 hyems,
404 2738 615 2822 gelidamque
631 2741 746 2803 irrorat
761 2739 931 2822 Aquarius
949 2741 1017 2804 Isin
1031 2762 1038 2817 ;

128 2860 225 2924 Saeva
241 2870 353 2924 tamen
369 2862 478 2925 sonuit
493 2882 562 2924 vox
578 2862 711 2944 remigis
727 2861 783 2924 illa
798 2862 957 2944 magistri,

126 2983 311 3066 ‘Depresso
328 2983 546 3066 incipiat'jam
562 2992 634 3046 tum
651 2983 731 3047 mihi
747 2993 862 3048 ventre
874 2984 1029 3066 juventus

126 3105 328 3187 ‘Ingemere,
344 3113 378 3167 et
392 3105 500 3186 prima
516 3102 695 3168 lentescere
711 3126 820 3168 remus
837 3107 869 3168 in
886 3107 994 3170 unda?

128 3223 296 3288 Continuo
312 3225 443 3306 ignaros
459 3245 518 3307 per
533 3226 646 3288 tenuia
661 3235 804 3289 transtra
820 3226 971 3289 Recentes

127 3345 309 3427 Disposuit,
326 3344 521 3428 gracilisque
536 3347 648 3408 tremit
663 3347 725 3409 sub
740 3346 887 3428 pondere
903 3349 1032 3429 cymba.

128 3466 335 3531 Procubuere
344 3487 352 3545 ;
375 3488 538 3550 superque
554 3469 681 3531 instans
697 3457 835 3548 censura
850 3469 1003 3533 celeustae

126 3586 240 3650 Vexat
256 3586 435 3671 inaequales
451 3609 577 3652 remos:
599 3597 635 3654 at
649 3590 768 3652 saevior
782 3587 866 3652 alter

161 3739 176 3766 ⁴
194 3741 221 3789 Is
232 3741 333 3802 scilicet,
347 3757 420 3806 quem
433 3757 559 3807 nunquam
571 3739 631 3791 satis
645 3741 783 3790 laudandus
801 3741 887 3791 Carius
904 3741 929 3790 in
946 3757 1016 3792 usum
1034 3759 1122 3808 pucro-

127 3838 182 3872 mm
194 3824 341 3887 composuit.

616 3905 639 3956 B
