2838 4586
300 409 315 447 2
613 394 818 450 PERICULA
849 395 974 450 URBIS.

299 571 439 636 Eminus
456 593 473 634 e
489 573 559 655 ripa
575 572 646 636 diro
661 573 804 637 clamore
819 572 951 637 satelles

297 693 399 758 Acria
416 694 554 758 devexae
567 694 731 777 jaculatur
744 696 864 779 probra
879 696 1005 759 carinae.

298 816 485 899 ‘Septime,'
503 819 560 900 (tu,
573 819 712 900 juvenis,
728 819 871 881 numeris
887 839 1037 880 assuesce
1052 815 1170 894 vocari,

299 939 351 1001 Tu
368 959 523 1002 numerus
539 959 626 1000 nunc
642 959 686 1014 es,
702 948 799 1002 natus
814 939 945 1001 sorbere
961 939 1121 1018 bovinas)

299 1069 306 1094 ‘
320 1061 416 1124 Heu!
439 1061 520 1145 quid
537 1060 631 1143 agis?
677 1060 751 1123 Fies
767 1060 911 1143 simplex
927 1061 969 1124 de
985 1061 1109 1143 remige
1124 1070 1238 1124 vector

298 1191 305 1216 ‘
319 1182 373 1247 Sic
382 1184 478 1246 tortis
488 1183 640 1246 humeris,
680 1182 769 1264 Quid
780 1203 900 1265 aquarn
912 1182 1000 1257 mihi,
1011 1181 1144 1264 Quinte,
1156 1182 1292 1244 moraris

297 1302 502 1366 ‘Prendere?
537 1303 748 1385 Quincitius!
786 1302 954 1366 Truncum
965 1302 1113 1367 oscillare
1124 1313 1292 1365 memento

297 1433 304 1458 ⁴
318 1424 452 1506 Quarte,
468 1433 572 1499 tuum,
589 1423 802 1506 mediumque
817 1445 907 1499 cava,
923 1423 1111 1500 lentissime,
1128 1424 1270 1487 dorsum.

297 1546 396 1610 ‘Una
412 1566 526 1608 omnes
538 1546 558 1608 !'
606 1545 662 1610 Sic
678 1546 818 1608 exierint
834 1566 915 1608 mox
931 1555 1007 1608 octo
1023 1547 1165 1608 virorum

300 1667 463 1742 Machina,
479 1669 525 1731 sic
541 1668 627 1730 tritis
643 1667 729 1730 sidat
744 1667 891 1729 Victoria
907 1667 1064 1729 transtris,

339 1909 379 1972 In
396 1909 521 1984 mediis,
538 1909 594 1972 en!
619 1907 953 1990 remigio'spectanda
967 1907 1090 1970 valenti

296 2031 394 2093 Prora
411 2031 474 2093 ruit
490 2030 628 2102 devexa,
645 2028 896 2110 admirandique
911 2028 1033 2104 lacerti,

294 2153 397 2235 Quels
413 2151 508 2215 Carni
525 2160 619 2233 parat
636 2150 711 2214 ulva
726 2170 840 2232 pares:
863 2150 921 2212 dat
937 2150 1094 2213 euntibus
1106 2151 1212 2213 omnis

296 2273 427 2355 Cymba
443 2272 561 2347 locum,
577 2271 736 2335 vexillum
753 2271 865 2335 album
881 2281 1036 2334 venerata
1052 2273 1180 2334 carinae.

296 2394 393 2456 Heu!
417 2393 503 2456 male
519 2402 590 2455 tum
611 2391 719 2455 Guttce
733 2392 883 2474 angustis
899 2400 1023 2454 erratur
1039 2392 1069 2453 in
1089 2392 1193 2456 undis.

294 2515 329 2579 Si
346 2515 419 2597 quis
436 2515 479 2576 ibi
497 2514 650 2589 Cancros,
670 2516 721 2594 (ea
737 2533 802 2575 non
820 2513 986 2595 incognita
1002 2514 1071 2577 rivo

294 2637 444 2700 Monstra
461 2636 597 2717 natant)
616 2645 753 2718 captans
769 2644 900 2698 tonsam
915 2657 998 2718 puer
1013 2635 1131 2699 infodit
1147 2637 1253 2712 undiS,
1272 2648 1274 2653 ’

292 2756 365 2820 Aut
381 2759 515 2822 umbras
532 2757 610 2822 Orci
623 2756 734 2838 jussus
750 2755 950 2819 descendere
965 2757 1007 2818 ad
1025 2757 1115 2819 imas
1202 2821 1206 2830 ,

294 2877 420 2942 Obvius
435 2877 581 2940 horrebit
596 2877 715 2939 stantis
731 2874 878 2938 convicia
893 2875 1041 2957 cymbae;

290 2998 372 3073 Aut,
389 2999 415 3061 si
432 2998 604 3080 remigium
620 2996 795 3059 violentior
809 2996 951 3078 impetus
968 2997 1045 3079 egit,

291 3119 489 3201 Naufragus,
506 3127 540 3181 et
555 3116 667 3200 gelido
682 3117 869 3180 submersus
885 3119 1023 3200 gurgite,
1040 3119 1125 3182 norit

292 3240 383 3323 Quot
399 3240 507 3315 catuli,
524 3249 556 3303 et
572 3238 671 3302 soedae
687 3237 818 3301 fluitent
834 3239 866 3300 in
882 3240 1029 3322 margine
1045 3240 1132 3304 seles

250 3475 253 3481 ’
337 3483 498 3546 Plurimus
515 3493 547 3546 et
563 3482 693 3546 lumbos
709 3483 906 3565 campestria
922 3484 1056 3559 cinctus
1074 3485 1241 3560 anhelans

292 3605 486 3686 Cornipedis
501 3605 565 3667 ritu
580 3604 653 3686 gyri
670 3604 777 3685 spatia
793 3605 905 3667 omnia
920 3607 1044 3669 sudans

292 3726 483 3801 Exercetur,
499 3734 536 3789 ut
551 3725 693 3788 hesterni
710 3725 752 3788 de
767 3734 916 3807 tempore
932 3730 1045 3798 cursus

290 3849 460 3931 Exiguum
477 3849 627 3931 quamvis
644 3856 849 3911 momentum
866 3847 1004 3925 deterat,
1020 3858 1053 3913 et
1069 3870 1140 3913 cras
