2838 4586
474 364 566 418 ΛΝΒ
589 362 740 417 POEMS.

586 920 646 984 XI.

117 1126 260 1190 INSULA
276 1122 493 1206 longinquum
509 1143 575 1204 qua
590 1143 626 1185 se
640 1122 794 1187 subducit
810 1123 843 1186 in
859 1144 981 1206 aequor,

163 1241 337 1328 Obviaque
352 1243 488 1307 occiduo
504 1243 645 1307 volvitur
659 1244 749 1308 unda
764 1244 846 1320 sinu,

118 1368 264 1450 Questus
280 1367 324 1429 ibi
341 1375 399 1429 tua
414 1364 492 1440 sata,
507 1364 597 1428 fideli
613 1373 747 1447 pectore
761 1375 855 1428 vates

162 1487 300 1551 Assidet
315 1495 349 1550 et
364 1485 529 1550 tumulum
545 1486 634 1550 solus
649 1496 684 1551 et
699 1508 774 1551 ossa
789 1487 875 1551 colit.

121 1675 279 1779 Dumque
295 1696 397 1771 sedet,
413 1694 597 1778 pelageque
613 1693 680 1759 alta
696 1696 940 1779 immensasque
957 1696 1112 1779 profundi

165 1821 269 1882 Fixus
285 1819 317 1881 in
334 1818 454 1882 obtutu
470 1816 563 1880 triste
579 1824 690 1880 tuetur
705 1838 818 1900 aquas,

122 1940 288 2021 Increpuit
303 1938 463 2022 quiddam
480 1937 628 2000 chordis:
651 1945 686 2000 at
702 1936 810 2002 flebile
825 1959 958 2003 carmen
1023 1936 1028 1945 ’

166 2061 227 2123 Per
242 2060 326 2123 freta
341 2067 528 2141 correptum
544 2058 678 2122 flamina
695 2080 792 2123 rauca
808 2059 923 2125 ierunt.

121 2272 172 2334 Te
188 2272 306 2334 Manes
323 2270 409 2332 inter
422 2269 542 2332 tacitos
559 2277 711 2344 sectatur,
729 2277 763 2332 et
779 2268 880 2334 audet

164 2390 222 2452 Ah
239 2388 356 2453 misere
373 2389 500 2471 abrepti
516 2387 673 2471 plangere
690 2388 759 2451 lata
774 2399 850 2453 tua:

121 2512 171 2576 At
186 2533 246 2575 sua
261 2518 350 2574 sarta
366 2530 482 2591 parum
499 2509 693 2572 crudescunt
710 2507 845 2573 vulnera
861 2511 960 2585 eunti,

168 2634 213 2695 Et
228 2629 427 2694 desiderium
440 2629 510 2711 jam
526 2638 621 2692 vetus
637 2649 735 2692 omne
751 2630 843 2693 redit.

124 2842 280 2922 Namque
294 2849 370 2903 tuos
386 2838 517 2902 imitata
531 2837 611 2914 dies,
627 2837 811 2921 eademque
826 2849 942 2903 secuta

168 2962 261 3035 Fata,
273 2958 456 3042 juventutis
472 2957 551 3021 flore
566 2958 686 3022 decora
702 2979 797 3035 πονο,

126 3084 203 3165 Ipsa
219 3080 319 3143 etiam
336 3081 459 3161 primos
476 3079 581 3144 Stella
596 3080 772 3144 immatura
788 3102 847 3163 per
862 3103 967 3146 annos

170 3201 250 3269 Sola
264 3203 324 3266 viri
340 3222 473 3266 consors
490 3200 681 3284 deliciaeque
697 3205 789 3284 perit.

126 3414 267 3495 Jamque
284 3412 385 3487 illum,
401 3421 592 3475 cantantem
609 3410 701 3488 adeb,
716 3414 765 3476 vis
781 3415 933 3497 improba
951 3417 1025 3480 Fati

172 3535 249 3598 Non
265 3534 470 3598 exorandam
486 3534 576 3616 cogit
591 3534 682 3597 abire
696 3535 805 3598 viam:

129 3657 185 3720 Sic
200 3665 234 3719 et
249 3664 360 3719 vatem
376 3655 484 3736 ipsum
501 3663 534 3717 et
550 3675 625 3736 quae
640 3655 741 3718 verba
757 3657 934 3720 novissima
951 3658 1059 3724 fundit

175 3778 277 3843 Unda
293 3777 374 3842 feret
390 3777 512 3858 rapidis
529 3796 594 3840 una
610 3759 794 3860 eademque
811 3777 914 3842 iretis
