2838 4586
485 372 578 426 AND
600 372 750 426 POEMS.

591 946 630 1011 V.

121 1152 169 1217 ‘O
188 1166 316 1216 MISERI
332 1157 409 1215 ante
425 1151 515 1227 alios,
531 1151 611 1234 quin
628 1171 758 1213 mecum
775 1149 933 1226 insistite,'
948 1149 1065 1226 clam0,

120 1275 229 1338 ‘Pone
245 1273 332 1337 viam
345 1271 368 1336 !’
415 1273 487 1336 Nec
503 1272 597 1354 plura
611 1273 687 1336 viris
703 1274 823 1337 effatus
839 1273 873 1336 in
889 1273 1003 1337 urbem
1038 1305 1041 1314 =

118 1397 299 1460 Vertebam
316 1414 375 1477 per
389 1404 507 1477 tesqua
522 1394 641 1476 pedes:
665 1415 725 1458 nec
740 1395 861 1459 deinde
876 1406 1052 1461 retrorsum

121 1515 285 1597 Respicio,
301 1515 348 1578 sic
363 1523 452 1578 recta
468 1523 561 1578 tenet
576 1514 655 1577 mihi
671 1514 797 1579 lumina
812 1525 933 1581 terror:

120 1636 190 1701 Ceu
206 1637 263 1719 qui
279 1635 427 1700 defossos
445 1636 563 1700 Manes
579 1646 613 1701 et
629 1635 735 1700 lurida
751 1638 850 1702 busta

120 1757 270 1820 Invisens
285 1756 433 1840 trepidus
449 1765 616 1838 grassatur
631 1766 728 1821 nocte
744 1778 802 1839 per
817 1759 960 1835 umbras,

120 1879 220 1961 Cogit
235 1879 322 1942 enirn
338 1899 409 1942 sors
424 1879 516 1954 dura,
531 1886 696 1960 pavetque
713 1880 867 1961 sequacia
883 1890 1038 1956 monstra,

119 1999 225 2064 Millia
241 2009 322 2082 quot
336 2002 422 2063 vana
438 1999 573 2062 delusus
588 2000 733 2082 imagine
749 2000 851 2083 fingit.

119 2123 290 2186 Murmura
303 2123 440 2204 jamque
456 2122 544 2198 mihi,
560 2122 643 2186 sudo
659 2132 771 2186 tamen
787 2130 871 2199 aere,
886 2126 976 2186 venti

120 2245 228 2308 Prima
243 2244 456 2308 volutabant:
479 2243 696 2326 sublimisque
711 2245 809 2308 altius
825 2244 936 2321 aether,

119 2366 345 2448 Frigidulique
360 2365 461 2448 ignes,
477 2375 510 2429 et
526 2365 628 2429 stellis
644 2367 771 2429 consita
788 2385 888 2449 regna

120 2487 285 2553 Sublustri
302 2487 412 2569 nigros
427 2487 625 2550 contristant
641 2485 764 2551 lumine
779 2507 924 2569 campos,

118 2608 231 2673 Altior
246 2617 280 2671 et
296 2607 395 2671 solito
410 2628 479 2671 nox
496 2608 695 2688 intempesta
710 2606 835 2670 silebat.

117 2729 193 2810 Jam
210 2749 268 2810 per
283 2727 433 2790 funereas
450 2726 554 2790 moles
570 2736 603 2790 et
620 2728 709 2791 nuda
725 2728 858 2809 tropaeis

118 2851 222 2914 Busta
238 2851 326 2913 nitor
341 2849 450 2912 media
467 2858 621 2912 extrusus
636 2849 777 2931 caligine
792 2850 888 2925 luxit,

117 2971 192 3054 Jam
210 2990 301 3033 more
315 2969 459 3052 ingentis
475 2969 574 3032 larvae
590 2989 694 3052 prope
710 2970 829 3033 ductus
844 2983 944 3052 aquat

119 3092 237 3168 Currit,
253 3101 287 3155 et
303 3092 335 3153 in
351 3089 475 3154 celeres
490 3110 639 3174 praeceps
654 3092 788 3155 evanuit
804 3092 946 3154 umbras,

119 3213 291 3277 Interdum
307 3212 350 3276 ad
366 3222 483 3276 ventos
499 3212 598 3295 longe
614 3212 793 3276 exauditur
809 3213 935 3277 arundo

118 3334 213 3396 Mota
228 3334 337 3416 queri;
358 3334 429 3416 jam
444 3332 593 3396 sublimis
609 3332 702 3397 dedit
716 3353 826 3397 acrem
843 3334 1003 3398 ululatum

118 3456 259 3530 Noctua,
272 3455 342 3537 jam
358 3453 456 3518 tellus
472 3454 580 3518 caveis
595 3475 697 3518 exesa
713 3456 855 3538 remugit

120 3576 189 3640 Sub
205 3576 351 3656 pedibus.
