2838 4586
270 335 286 390 8
586 335 792 392 PERICULA
822 336 949 392 URBIS.

271 514 437 578 Auditore
451 513 557 577 virum
570 513 640 598 jam
657 524 729 579 tum
745 513 934 598 plaudente,
950 515 1071 580 residit

274 635 358 698 Haec
374 653 465 698 mera
481 635 616 698 libertas
630 637 805 700 verborum
822 645 880 700 est.
925 635 1091 700 Attamen
1107 635 1233 701 audent

272 754 374 817 Facta
391 755 640 819 etiam.*-En!
671 756 798 819 Piscem
815 759 888 819 sera
904 755 946 819 de
961 766 1060 820 nocte
1077 757 1271 839 Loquacem

274 876 336 958 (At
351 897 417 940 non
434 877 547 960 lingua
561 876 651 940 valet
666 874 833 941 crudelem
850 877 982 942 flectere
998 879 1142 961 turbam)

272 997 416 1080 Corripit
431 1018 450 1062 e
465 997 611 1080 lymphis
628 1017 745 1061 manus
761 998 851 1062 ebria
866 999 1099 1080 patriciorum:

273 1119 334 1184 Ille
349 1120 430 1184 toris
446 1121 545 1184 miser
559 1119 700 1184 insolitis
716 1121 867 1203 interque
881 1120 1041 1184 cadurcos

273 1241 437 1306 Sternitur
451 1242 609 1323 expirans
625 1240 782 1324 inglorius
798 1263 805 1305 :
828 1243 980 1324 improba
997 1243 1103 1306 Fama

272 1362 360 1425 ‘Res
375 1361 465 1426 haud
481 1361 616 1444 illepida
632 1372 691 1436 est,
708 1363 805 1444 periit
820 1362 847 1425 si
863 1362 979 1427 belua'
996 1363 1136 1428 clamat:

270 1482 380 1565 ‘Quid
397 1482 488 1565 quod
504 1483 599 1546 adest
614 1483 758 1566 pretium
775 1484 876 1547 Piscis
892 1484 948 1567 qui
965 1495 1068 1566 ponat
1084 1487 1117 1547 in
1133 1459 1197 1560 oie,

269 1611 278 1638 ‘
292 1613 310 1638 ‘⁴
324 1604 514 1686 Magnaque
529 1603 669 1667 debetur
681 1602 796 1667 violati
811 1625 912 1686 poena
926 1604 1057 1667 cadurci
1068 1603 1101 1668 :”

271 1724 369 1788 ‘Non
385 1723 457 1788 haec
472 1732 635 1787 excusant
650 1721 758 1786 calida
773 1733 807 1786 et
822 1745 981 1806 generosa
994 1725 1157 1806 juventaS,

269 1844 401 1908 ‘Aurea
416 1865 501 1942 quos
516 1845 603 1926 turpi
620 1843 794 1927 distinguit
809 1847 897 1926 spira
912 1845 1080 1928 popello?’

313 2088 408 2152 Neve
423 2087 601 2162 admireris,
617 2089 704 2171 ripas
721 2088 776 2152 ubi
792 2088 932 2151 curritur
947 2088 1019 2163 Isis,

269 2209 385 2292 Atque
401 2209 584 2272 carinarum
601 2209 701 2291 longo
717 2210 832 2272 ordine
848 2229 971 2291 pompa
988 2217 1147 2284 movetur,

269 2333 304 2398 Si
321 2331 418 2395 lintre
434 2352 593 2395 excussos
605 2331 744 2414 juvenes
759 2340 838 2394 ante
854 2351 911 2394 ora
926 2341 1101 2412 parentum

267 2453 399 2517 Videris
416 2453 581 2518 incassum
596 2453 708 2516 studio
724 2453 844 2535 gestire
860 2452 1000 2515 lavandi.

268 2571 304 2636 Si
321 2571 434 2644 nesciS,
447 2569 543 2652 jocus
558 2579 617 2634 est
665 2569 718 2632 Ne
733 2591 862 2652 quaeras
875 2569 1026 2650 garrulus
1040 2561 1138 2644 ultra,

269 2692 357 2755 Nam
374 2712 410 2754 se
425 2691 580 2755 ridiculos
596 2700 692 2754 natos
709 2690 816 2754 iacere
832 2691 933 2753 anxia
949 2700 1064 2766 mater,

154 2879 156 2884 .
269 2814 313 2879 Et
328 2823 420 2878 veste
436 2815 469 2876 in
486 2812 621 2876 madida
636 2813 762 2895 gaudet
776 2812 898 2874 vidisse
914 2811 1062 2875 fluentes,

311 3055 443 3119 Interea
458 3075 591 3137 quoque
607 3053 781 3116 foemineos
797 3053 957 3116 mirabere
973 3062 1088 3128 coetus,

268 3177 318 3242 Ut
333 3177 400 3239 late
415 3175 523 3238 infusa
537 3175 591 3237 via
606 3175 732 3255 virgine
748 3195 889 3256 quaeque
904 3183 1061 3238 coruscet.

267 3299 434 3379 Tempore
449 3317 515 3359 non
533 3295 607 3370 alio,
624 3304 729 3359 matre
746 3295 930 3369 inducente,
946 3294 1052 3359 leaena

267 3420 387 3483 Acrior
401 3418 520 3482 erravit
535 3417 615 3480 vicis
629 3439 635 3480 :
658 3439 718 3500 per
732 3417 866 3498 templa,
881 3437 941 3498 per
956 3416 1079 3492 hortos,

267 3543 329 3605 Per
344 3539 418 3603 loca
433 3540 612 3604 adorandae
629 3539 786 3620 robiginis
801 3559 905 3620 usque
920 3539 1110 3621 vagandum
1127 3550 1186 3615 est,

160 3699 165 3714 ·
269 3661 448 3743 Partesque
463 3661 585 3724 assidui
602 3658 855 3723 nomenclatoris
871 3657 1020 3740 agenda,

300 3795 314 3821 ⁴
333 3794 408 3857 Quod
419 3793 493 3844 fiebat
505 3810 550 3858 per
561 3793 700 3843 Saturnalia
712 3792 961 3843 Commemorationis
972 3807 1028 3842 ann.
1044 3805 1221 3844 Muccclxul.
