2838 4586
516 377 544 432 A
571 378 622 432 SA
631 379 733 432 TIRE.
784 421 788 431 .

173 557 218 620 Et
234 577 337 639 quum
354 557 503 620 membra
519 556 604 619 adeo
617 556 776 639 juvenilia
792 555 859 621 tale
875 556 994 638 fatiget

129 677 286 742 Certandi
303 677 487 752 cacoethes,
504 678 593 740 idem
610 699 719 741 nonne
736 678 838 741 inficit
854 679 926 760 ipsa

129 799 277 881 Ingenia,
296 807 332 861 ut
348 797 510 862 ‘Primas'
527 800 634 880 pretio
650 819 848 884 quocunque
865 797 1054 880 requirant?

128 919 251 984 Omnia
267 920 425 982 certando
441 920 544 983 fiunt:
568 929 601 983 et
617 928 713 1001 turpe
729 920 867 1003 relinqui
885 930 954 983 est:

127 1041 199 1104 Nec
211 1042 282 1123 jam
298 1061 350 1104 res
367 1041 464 1122 ipsas,
482 1040 540 1104 sed
557 1062 665 1104 rerum
681 1042 819 1122 praemia
834 1050 958 1104 curant.

128 1163 197 1227 En!
218 1163 359 1244 juvenis,
375 1182 475 1244 quem
490 1163 560 1244 jam
576 1163 711 1244 propior
726 1163 859 1224 tortoris
876 1163 987 1243 imago

127 1283 243 1365 Atque
258 1304 370 1346 cruces
385 1284 520 1346 turbant
536 1304 619 1365 quas
635 1284 828 1347 tractandas
844 1284 957 1347 schola
974 1291 1086 1365 ponat,

129 1404 257 1468 Exulat
273 1404 446 1467 immersus
461 1405 579 1467 studiis
596 1405 628 1466 in
644 1405 741 1468 devia
758 1425 831 1468 rura

128 1525 259 1599 Secum,
276 1546 336 1588 nec
351 1534 457 1588 coetus
473 1525 617 1608 aequales
632 1535 724 1589 curat
740 1526 839 1588 adire.

130 1648 232 1712 Haud
249 1648 350 1724 illum,
366 1669 468 1730 quum
485 1658 587 1711 nauta
602 1647 721 1724 furens,
738 1659 771 1711 et
787 1649 931 1730 pessima
947 1648 1041 1729 plebs
1057 1657 1116 1722 est,

129 1770 343 1834 Grassantem
360 1771 501 1851 aspicias
515 1770 595 1832 Alto
610 1770 672 1833 sub
688 1779 785 1832 nocte
804 1770 1005 1834 Novembri:

129 1889 230 1954 Ocius
246 1891 395 1954 insanam
413 1890 572 1972 Quintam
589 1889 674 1972 sugit
689 1890 720 1954 ι*
743 1891 833 1953 ocius
850 1890 906 1952 illo

130 2012 206 2094 Qui,
221 2034 323 2095 quum
339 2013 447 2095 prisca
462 2013 511 2075 sui
528 2013 611 2093 petit
628 2013 757 2074 institor
772 2032 838 2073 aera
854 2010 964 2085 libelli,

130 2134 241 2215 Sepsit
256 2155 292 2197 se
308 2142 447 2216 ‘quercu
461 2133 468 2159 ’
485 2134 665 2216 trepidam,
681 2144 714 2197 et
730 2135 847 2199 abesse
862 2135 999 2197 videtur.

129 2257 262 2340 Quippe
277 2257 378 2334 dolet,
393 2259 440 2322 sic
456 2258 554 2334 sama,
568 2269 677 2340 caput,
691 2259 781 2341 quod
798 2259 885 2322 fuste
901 2258 1050 2321 dolatum
1068 2266 1129 2332 est,

130 2379 338 2462 Luminaque
354 2381 547 2444 excruciant
564 2381 699 2443 miseros
715 2390 853 2444 contusa
869 2380 1025 2461 legentes

129 2500 262 2564 Grande
278 2502 378 2564 etiam
395 2511 562 2564 certamen
578 2502 681 2564 adest.
727 2501 812 2583 Quae
827 2502 932 2583 gloria
950 2501 1081 2575 Classis,

128 2625 220 2708 Quos
237 2626 331 2690 labor
346 2625 400 2688 ille
416 2624 499 2689 ferat
516 2626 650 2700 fructus,
666 2635 738 2689 tum
756 2627 851 2700 noris,
869 2627 924 2688 ubi
941 2626 1021 2688 hora

128 2748 242 2810 Tertia
258 2748 415 2829 praeteriit
431 2747 658 2822 scribentibus,
674 2757 774 2828 atque
791 2748 938 2828 magistri

128 2866 256 2930 Blanda
272 2852 440 2950 requisivit
456 2888 524 2929 vox
540 2867 670 2930 tradere
685 2889 852 2950 quemque
868 2889 1013 2950 papyros
1028 2888 1036 2945 ;

128 2990 204 3052 Non
221 3000 334 3054 tamen
351 2990 419 3053 ulla
433 2990 510 3052 viris
526 2989 664 3070 requies,
680 3010 745 3051 non
762 2989 867 3052 secius
883 3011 998 3053 omnes

128 3112 331 3176 Incumbunt
346 3112 457 3174 studio
473 3112 608 3193 ingenti,
625 3111 837 3194 calamusque
854 3112 1011 3175 molestos

127 3231 195 3294 Dat
211 3233 376 3314 strepitus,
393 3241 532 3313 urgente
549 3252 668 3294 manu:
689 3232 784 3313 juvat
799 3232 922 3296 addere
937 3232 1076 3307 chartas,

129 3353 284 3436 Dumque
300 3354 354 3417 alii
371 3353 515 3416 scribant
532 3373 646 3435 nugas,
662 3362 713 3416 tot
728 3354 869 3417 scribere
885 3363 918 3416 et
934 3354 1049 3434 ipsum.

161 3490 174 3515 *
191 3490 229 3540 Cf.
245 3491 315 3554 Virg.
333 3490 415 3554 Gaorg.
430 3489 446 3538 i.
462 3499 530 3550 277:

427 3573 562 3634 ‘Quintam
574 3571 631 3634 fuge
643 3591 650 3620 ι
667 3571 779 3635 pallidus,
787 3572 874 3632 Orcus,

292 3654 491 3718 Eumenidesque
503 3655 581 3702 satae.’

161 3736 227 3786 Mira
238 3738 338 3801 quidem
354 3737 485 3801 prudentia
500 3737 598 3785 videtur
615 3736 734 3799 Virgilius
750 3736 850 3784 innuere
863 3736 994 3784 Nonarum
1012 3736 1122 3786 Novem-

129 3821 218 3880 brium,
232 3823 275 3885 qui
287 3822 354 3885 apud
366 3837 411 3868 nos
423 3820 476 3879 fuit,
486 3819 610 3878 tumultui,
622 3820 742 3882 saevisque
755 3819 803 3866 illis
819 3819 1014 3868 execrationibus
1027 3819 1123 3882 (ὅρκοις)

130 3902 297 3969 horrificisque
308 3904 351 3953 leti
364 3903 444 3964 minis,
459 3917 520 3968 quas
533 3902 664 3951 Duumviri
675 3902 735 3950 vicis
747 3901 865 3964 pacandis
877 3917 941 3965 aegre
953 3902 1110 3952 cohibebant.
