2838 4586
535 381 564 437 Α
590 384 640 437 SA
648 384 750 438 TIRE.

148 562 395 626 Insatiabilibus
411 561 437 626 si
454 562 503 625 vis
519 561 681 645 placuisse
697 562 823 644 puellis,

147 683 192 746 Et
207 685 371 766 quaedam,
383 685 453 766 jam
470 705 567 746 mane
583 705 677 759 ηονο,
693 685 816 767 stipata
832 683 967 747 Theatri

146 804 186 866 In
202 807 314 870 cuneis
329 813 513 887 spectatur:
537 825 609 867 eam
626 804 743 868 chorus
759 806 866 868 omnis
882 810 1053 870 amantum

146 926 279 991 Plaudit
294 927 511 1009 inexpletum,
527 926 655 1008 plaudit
671 937 865 1009 vestemque
881 927 1099 1012 coloremque,

143 1047 259 1132 Atque
274 1050 373 1123 avias
390 1049 601 1130 amitamque,
618 1057 651 1112 et
667 1051 739 1111 tota
754 1057 855 1131 gente
871 1051 1080 1133 propinquas.
1120 1095 1124 1104 -

144 1167 230 1232 Mox
247 1170 364 1234 eadem
381 1169 514 1233 labente
529 1170 584 1233 die
599 1169 684 1232 festa
699 1168 797 1232 Atria
813 1171 931 1251 quaerit

142 1289 237 1372 Apta
252 1291 361 1367 chora,
376 1292 565 1374 pendetque
585 1292 703 1354 iterum
720 1290 871 1354 saltantis
887 1292 931 1356 ab
947 1313 1058 1356 armo:

141 1412 283 1478 Vincere
300 1413 357 1480 Sol
373 1415 481 1477 oriens
497 1413 645 1493 lychnas,
662 1422 696 1476 et
712 1412 849 1476 fundere
866 1413 946 1477 lucis

142 1525 223 1598 Dira
238 1557 307 1599 suae
323 1557 382 1618 per
395 1536 558 1617 virgineas
574 1535 763 1598 discrimina
779 1532 909 1608 formas,

142 1656 338 1739 Cornuaque
354 1667 388 1720 et
403 1655 543 1731 chordae,
559 1656 646 1719 lasso
662 1656 805 1731 tibicine,
822 1668 952 1721 cessant
965 1680 972 1735 ;

140 1775 203 1839 Illa
218 1786 330 1840 tamen
346 1785 465 1859 raptat,
481 1776 630 1839 nondum
646 1777 807 1850 satianda,
824 1799 885 1859 per
899 1780 996 1843 orbes

140 1898 336 1962 Consortem
349 1899 514 1980 juvenem,
531 1917 592 1960 nec
607 1905 719 1960 custos
735 1897 850 1962 addita
867 1909 981 1975 mater,

139 2017 282 2083 Multum
299 2028 425 2102 questa,
440 2030 552 2102 potest
569 2021 716 2095 retinere,
732 2041 793 2084 nec
809 2022 954 2103 optimus
971 2024 1026 2088 ille

138 2140 332 2225 Progenitor
346 2150 419 2205 toto
435 2140 579 2224 proflans
592 2141 663 2223 jam
679 2150 812 2222 pectore
828 2163 991 2210 somnum.
1056 2233 1059 2240 ²

179 2389 229 2452 At
244 2389 343 2452 datur
356 2388 407 2452 his
424 2388 502 2452 olim
519 2389 603 2465 finis,
619 2388 703 2471 sugit
721 2391 791 2471 ipsa
808 2389 933 2469 leaena;

137 2508 280 2591 Solaque
297 2530 355 2591 per
369 2510 459 2572 vicos
472 2510 542 2591 jam
560 2509 677 2591 Longa
694 2511 833 2574 Vacatio
849 2522 985 2594 regnat:

136 2630 308 2694 Discessus
321 2630 480 2711 juvenum
496 2632 605 2693 satirae
620 2631 697 2693 tulit
712 2631 788 2694 huic
804 2653 937 2715 quoque
953 2644 1086 2698 metam.

136 2751 203 2816 Sed
220 2751 370 2833 graviora
386 2758 531 2826 manent,
547 2750 661 2815 doctas
678 2753 705 2813 si
721 2773 844 2833 ponere
860 2753 983 2818 frontes

136 2873 200 2935 Fas
216 2873 304 2949 olim,
320 2873 510 2954 crimenque
526 2874 619 2956 sequi
637 2874 771 2956 majoris
787 2875 914 2940 abollae.
