2838 4586
499 371 591 426 ΛΝΒ
614 369 765 425 POEMS.

594 927 675 991 XII.

134 1127 291 1212 JAMQUE
305 1128 400 1194 vale!
424 1129 616 1212 ferrugineis
631 1131 658 1194 si
674 1131 818 1195 discolor
831 1130 893 1195 alis

180 1251 310 1316 Ultima
325 1273 385 1335 per
399 1251 474 1316 coeli
490 1251 611 1315 caerula
625 1253 714 1315 radis
731 1253 801 1328 iter,

136 1372 195 1448 At,
212 1374 295 1450 Dea,
310 1381 345 1438 te
361 1394 472 1439 rursus
488 1374 631 1437 lucentia
646 1374 852 1455 papilionum

180 1494 287 1558 Millia
303 1494 478 1571 deducent,
493 1495 591 1559 turba
604 1515 749 1570 corusca,
765 1495 913 1559 domum.

137 1617 240 1700 Cujus
256 1619 288 1680 in
305 1618 485 1684 adventum
500 1618 570 1682 Ver
581 1619 697 1704 'omnia
712 1618 824 1682 trudet
839 1618 884 1681 ad
899 1638 1005 1692 auras,

180 1738 315 1820 Quanta
331 1738 558 1802 columnarum
574 1739 723 1821 germina
739 1738 847 1801 fundit
863 1759 960 1823 apeX.

138 1859 413 1942 Frondiferasque
429 1860 538 1924 avium
555 1860 660 1935 sedes,
676 1861 731 1923 ubi
747 1860 860 1923 tenuia
875 1861 1044 1942 quondam

183 1981 251 2046 Ora
267 1982 379 2059 melos,
394 1981 502 2064 pullos
517 2002 580 2045 ova
596 1980 722 2045 reclusa
739 1981 876 2046 dabunt

139 2103 260 2167 Induet
275 2103 308 2166 in
325 2102 439 2166 florem
456 2124 528 2166 sese
543 2113 615 2167 turn
631 2123 785 2186 gemmea
801 2105 914 2185 pubeS,

182 2225 306 2290 Sudior
320 2222 471 2306 explebit
488 2224 634 2289 Phoebus
650 2223 768 2306 Aprile
780 2224 896 2307 jubar3

138 2345 227 2409 Turn
244 2345 340 2409 nitidi
356 2345 452 2420 soles,
468 2354 540 2409 tum
557 2346 710 2409 noctibus
725 2365 806 2409 aura
821 2347 884 2409 sub
899 2346 996 2410 almis

184 2466 294 2542 LeniS,
311 2475 344 2530 et
360 2467 522 2561 incertum
538 2465 599 2529 lux
615 2466 746 2529 imitata
761 2465 861 2542 diem,

141 2589 236 2654 Sicut
252 2597 286 2651 et
302 2589 335 2649 in
352 2587 477 2650 somnis
492 2586 667 2668 vigilarent
683 2587 756 2669 ipsa
771 2588 890 2651 Diurni

185 2707 338 2782 Lumina,
356 2727 421 2770 non
438 2707 529 2768 omni
545 2706 678 2770 condita
694 2716 796 2788 parte,
814 2708 886 2772 Dei.

92 2913 96 2920 ι
141 2830 213 2893 En!
238 2831 358 2893 iterum
375 2826 485 2893 biseris
502 2827 643 2893 recidiva
658 2829 780 2891 rosaria
795 2830 829 2891 in
844 2829 948 2894 hortis

185 2951 213 3013 F
214 2951 368 3014 lorebunt
383 2948 468 3012 veris
484 2968 550 3010 non
566 2948 721 3012 simulata
736 2950 849 3026 comis,

142 3068 262 3152 Qualia
277 3089 337 3151 per
350 3069 502 3131 brumam
519 3087 585 3131 non
602 3068 659 3131 ulli
676 3069 823 3133 obnoxia
838 3071 962 3135 damno

187 3188 373 3255 Credideris
389 3190 462 3252 tuta
477 3189 551 3252 viva
567 3189 678 3271 quiete
694 3189 763 3254 frui.

142 3312 231 3374 Tum
247 3310 484 3392 pertentabunt
500 3311 660 3374 mundum
677 3333 762 3376 nova
777 3315 909 3396 gaudia,
926 3328 958 3380 et
975 3317 1066 3381 Anni

188 3431 350 3506 Flumina,
365 3452 425 3495 ceu
441 3431 621 3513 quondam,
638 3432 709 3496 luce
725 3433 847 3499 resecta
863 3448 967 3512 ruent,

145 3555 193 3620 Ut
210 3555 309 3617 micat
326 3555 358 3616 in
373 3555 465 3618 venis
481 3554 615 3635 sanguis
630 3574 743 3629 novus,
760 3564 864 3637 utque
879 3577 1013 3622 corusco

189 3676 352 3739 Funditur
368 3695 387 3738 a
403 3675 480 3738 solis
497 3673 588 3737 fonte
603 3694 746 3755 perenne
758 3675 863 3757 jubar.
