2838 4586
514 377 606 430 ΛΝΒ
630 375 781 430 POEMS.
1117 389 1148 444 55

195 550 258 618 Τὸν
273 551 297 616 δ’
314 551 355 616 αῦ
370 552 476 638 λάθρα
490 558 593 635 γελῶν
609 553 830 633 ὑπολαμβάνει
845 551 946 634 ἤρεμα
962 552 1098 618 Μίλων·

151 676 275 754 Θάρσει
290 675 383 755 ὅμως,
406 673 474 758 φίλ’
491 673 614 761 ἔπαιρε·
637 675 710 763 τάχ’
727 676 857 761 ὕστερον
872 675 1043 761 ἀγριελαίω

150 795 281 880 Χρόσεα
297 797 395 879 φύλλ’
411 797 551 883 ἑπιθήσῃ
563 799 596 835 ⁸*
619 797 813 863 ἀνέλπιστον
828 796 862 861 δέ
875 823 906 862 τι
921 797 1050 883 θρῆνοι·

150 916 217 981 Καὶ
231 917 295 996 μὰν
309 922 341 982 ἐν
356 917 539 994 δείπνοισιν,
555 920 624 1000 ἐμὶν
639 918 730 996 δοκεῖ,
747 919 783 983 οῦ
797 917 835 983 τό
849 919 880 1000 γ’
896 921 928 982 ἐν
942 917 1055 985 ἄλλοις

142 1037 306 1105 ’Ὑσπατος
320 1039 523 1120 ἀθλήταισιν,
539 1041 721 1106 ἀνάσσατος
735 1040 768 1105 δὲ
781 1041 858 1122 μάλ’
874 1039 978 1122 ἦσθα·

140 1159 290 1226 Ὀσσους
304 1189 358 1242 μοι
372 1163 536 1246 τυρόεντας
550 1163 708 1242 ἐδείπνεες,
723 1163 810 1228 ὅσσα
824 1188 863 1227 τυ
876 1165 984 1244 μᾶλσί

151 1285 202 1348 Οὐ
217 1282 255 1365 δὴ
270 1284 432 1370 μαψιδίως
447 1286 492 1349 τὼ
507 1284 555 1349 σὼ
570 1287 645 1374 χέρε
659 1284 757 1350 τεῖνδέ
769 1312 813 1366 γα
828 1285 942 1374 νόμας,

151 1404 233 1470 Οῦδε
249 1409 291 1471 κά
305 1433 353 1472 τις
367 1405 452 1471 πανὺ
467 1411 597 1493 φλαῦρα
612 1406 653 1471 πά
667 1407 777 1488 νήδυος
793 1406 855 1492 ἔργ’
871 1405 1023 1488 ὀνομάζοι.

582 1697 714 1762 AEGON.

149 1865 301 1931 Παίσδων
316 1867 372 1931 οὐκ
386 1865 498 1932 ἔλαθές
512 1889 571 1949 με·
594 1869 697 1932 κακῶς
711 1865 744 1931 δὲ
759 1866 812 1931 καὶ
827 1865 939 1954 ἔσχατ’
956 1867 1054 1952 ὄλοιο,

148 1986 287 2075 Σχέτλι’,
304 1988 490 2068 ἀναμνάσας
504 1991 537 2070 μ’
554 1986 607 2052 ε’πὶ
622 1988 746 2068 πήματι
761 1993 854 2070 πῆμα
870 1991 996 2076 νεῦρεςί
1033 2047 1036 2052 .

144 2109 294 2190 Ὀμμασι
308 2111 369 2194 γὰρ
384 2113 506 2176 ποίοισι
521 2111 718 2195 ποπιβλέψω
733 2112 842 2197 πατέρ’
858 2109 953 2192 ἁμόν;

148 2231 262 2318 Ματρί
271 2258 305 2297 τε
318 2233 461 2320 γηραλέα
476 2232 546 2296 τίνα
561 2257 614 2298 κεν
628 2232 699 2297 τίνα
713 2232 813 2315 μῦθον
827 2232 939 2317 ἐνίψω,

141 2355 240 2441 Ἂνιχ’
256 2353 472 2441 ἐρωτήσεσθον
486 2353 693 2434 ἀμειβόμενον
709 2352 805 2436 δόμου
819 2352 926 2417 οὐδόν·

146 2476 220 2538 ‘Ha
234 2477 305 2539 ποκ’
322 2475 379 2553 όίς,
395 2475 509 2557 Αἴγων,
527 2473 564 2540 ἀς
579 2474 706 2543 είκατιῒ
722 2475 848 2558 κλέψας
863 2473 996 2556 ἀνήγου;

146 2597 211 2662 Tae
225 2599 282 2679 μὲν
296 2597 337 2683 ἀρ
361 2597 395 2662 εὖ
409 2598 518 2662 πάσας
532 2596 720 2680 ἀφανιξέμεν
735 2596 835 2678 ἄμμιν
848 2597 995 2676 ἐμέλλετ’

146 2718 269 2784 Κόδους
284 2718 309 2783 δ’
326 2719 362 2784 οὐ
377 2720 551 2802 τεύξεσθαι,
568 2717 584 2783 ό
599 2719 709 2807 μυρίον
723 2717 822 2798 ἄμμιν
837 2718 995 2784 ῦπέστας·

145 2845 212 2908 Φεῦ
227 2846 304 2926 φεῦ·
327 2847 389 2908 παῖ
401 2843 518 2928 ἀνιαρέ,
533 2842 737 2926 πανώλεθρε·
762 2841 861 2906 θῦσαι
875 2841 915 2905 ἀν
929 2843 1019 2916 ὕλαν,

143 2964 193 3030 Ἀν
209 2965 234 3030 δ’
250 2966 321 3051 ὅρος
336 2966 497 3053 έσχάτιον,
514 2969 622 3030 ποττῶ
638 2964 724 3043 Διός,
741 2965 782 3030 ὡς
798 2965 988 3052 κατατρύχω

143 3089 270 3153 Ναῦσος
285 3087 344 3152 τόν
358 3077 488 3169 ἀγέλῖιν,
506 3089 557 3176 χώ
572 3086 726 3175 πόῤῥιχος
741 3087 792 3152 οἷα
807 3087 986 3169 πέπραγεν·

142 3208 260 3297 Σχῆμά
274 3237 316 3287 τι,
332 3210 389 3274 κοῦ
404 3213 529 3291 ταῦρον,
545 3212 641 3292 φαίης
657 3211 698 3275 ιιά
715 3232 777 3273 νιν·
801 3208 831 3274 ίς
846 3235 880 3274 τε
895 3208 1061 3297 χαράδρας

143 3332 276 3419 Μόσχοι
291 3332 575 3417 ἀποπλαγχθέντες
590 3331 661 3396 ἄνευ
677 3331 765 3395 σέθεν
780 3331 893 3412 ἤριπον
907 3330 1028 3396 αῦτώς·

143 3454 257 3516 Πάντα
273 3451 299 3516 δ’
316 3451 394 3531 όμοῦ
410 3451 516 3530 θρηνεῖ
529 3451 582 3516 τὸν
596 3450 743 3528 βάκολον
759 3449 824 3516 οἷον
837 3453 981 3537 έφεῦρεν.’

141 3574 193 3636 Tui
208 3575 237 3655 γ’
254 3574 308 3656 ἐμὲ
323 3575 384 3637 τῶς
400 3572 556 3656 δέξεσθον,
573 3571 658 3637 ἀπας
674 3570 706 3635 δὲ
721 3569 881 3654 γελάξειό
898 3571 1004 3654 δᾶμος.

173 3778 187 3803 ⁴
206 3777 267 3837 θαμὰ
278 3774 445 3834 Ὀλυμπιάδων
456 3775 558 3825 φύλλοις
571 3774 654 3822 ἐλαιᾶν
665 3771 777 3838 χρυσέοις
788 3772 889 3835 μιχθείς.
897 3777 1026 3826 -Ρίαόαῐ,

173 3861 192 3914 †
209 3859 363 3920 Theocritus,
378 3859 409 3908 iv.
428 3873 467 3908 10.
