2838 4586
498 356 592 410 ΑΝΙ)
616 357 764 412 POEMS.
858 353 860 358 ’
915 352 922 368 ”

572 829 701 894 XXIV.

661 1016 787 1105 Ἔρρετ’
803 1016 957 1084 ῖκποδάν·

268 1137 344 1226 Οὐχ
360 1135 391 1202 οἱ
404 1140 588 1223 κρατοῦντες
602 1143 716 1223 ήήφον
730 1137 850 1224 ὥρισαν
864 1141 972 1225 φόνον,

267 1259 344 1325 ὥσθ’
361 1261 497 1325 ὕστατον
511 1259 573 1324 τόδ
588 1259 675 1348 ήμαρ
690 1260 871 1346 ὀφθαλμοῖς
885 1261 974 1343 ὁράν;
1029 1311 1035 1332 ι
1080 1281 1083 1291 ’

268 1381 316 1466 ἀρ’
332 1384 393 1470 οὐχ
408 1381 425 1448 ὁ
442 1382 586 1462 θνήσκων
600 1381 667 1446 αίεν
682 1386 714 1448 ἐν
727 1381 792 1469 βίῳ
806 1383 904 1465 ιγίρων

270 1503 397 1584 Ἀήτιος
411 1503 557 1585 πίφυκα;
581 1507 769 1589 προσφιλῶς
784 1508 853 1584 ἐμοι

268 1623 385 1690 δοκεῖτε
400 1623 501 1704 δήπου
516 1628 617 1690 ταῦτα
633 1629 686 1690 νῦν
702 1627 903 1712 παραινέσαι,

269 1745 348 1832 ἔργῳ
364 1744 390 1809 δ’
406 1745 543 1812 ἀπειθεῖν
558 1744 630 1811 ἔστε
644 1746 796 1811 κάπιστσι
812 1747 954 1832 θρόνοις·

270 1869 429 1932 κλαίοντες
443 1865 534 1932 αὖθις
548 1871 648 1932 ταῦτα
663 1867 883 1946 νοοθετήσετε·

269 1988 387 2070 σκήνάς
401 1988 499 2072 ῖγανγε
513 1988 567 2054 καῖ
582 1988 685 2073 φυγήν
699 1991 867 2076 σωτηρίαν,

270 2111 328 2177 εὖτ’
341 2110 539 2177 ἀστενάκτως
554 2109 654 2176 αὐτίκ’
669 2111 709 2176 ἀν
724 2116 779 2178 τοῦ
793 2110 868 2195 πρὶν
881 2112 957 2189 βίον

270 2238 358 2299 κλέος
375 2233 401 2298 θ
419 2233 634 2318 ὑπερβάλοιμι
649 2232 702 2298 καὶ
716 2234 833 2315 μνήνήν
849 2235 961 2299 θανώνί

271 2354 404 2420 θανατδν
418 2355 613 2441 προταρβεῖν
627 2354 777 2438 ἄφρονος·
799 2355 910 2420 παθὼν
925 2356 951 2421 δ’
963 2355 1024 2438 ἐγὼ

270 2476 307 2541 οὐ
322 2480 375 2542 νῦν
389 2473 427 2540 τὸ
441 2477 567 2558 πρῶτον
582 2480 738 2561 καρτερεῖν
754 2475 940 2558 διδάξομαι·

271 2593 346 2661 ἀλλ’
363 2593 392 2661 εἰ
405 2596 529 2682 φιλεῖτί
541 2593 573 2676 μ’
589 2594 642 2661 οία
656 2595 694 2676 δὴ
710 2600 815 2682 φιλεῖν
829 2600 943 2683 πρέπει

271 2714 437 2798 φονεύσαθ
453 2737 461 2754 ·
484 2715 531 2780 οῖς
544 2715 606 2800 ιγὰρ
621 2718 706 2783 τοῦτ’
722 2716 892 2801 ἀναγκαῖον
907 2720 1007 2794 μένω·

271 2840 305 2905 τί
318 2839 354 2920 δή
369 2837 521 2919 μαθόντες
536 2836 672 2915 κλαίετ’;
697 2837 746 2915 ἀρ’
760 2839 813 2905 ὧδ’
828 2841 947 2907 ἀθλίως

271 2960 352 3050 ῖχων
367 2959 485 3026 δίκαιός
500 2958 562 3040 είμι
578 2958 719 3046 δακρύων
733 2964 842 3048 τυχεῖν
854 2988 863 3037 ;

271 3085 343 3150 τοὺς
356 3086 413 3166 μὲν
428 3081 594 3170 στερίντας
609 3085 665 3148 τοῦ
679 3082 754 3166 πρὶν
768 3084 946 3168 ἀξιώματος

272 3202 322 3294 οἵᾳ
338 3203 456 3288 ξύνεισι
469 3202 596 3287 πημάνῃ
611 3201 776 3286 δακρύετες
804 3248 807 3256 ·

270 3331 345 3405 ἐμοῦ
359 3326 392 3393 δὲ
406 3331 533 3409 μᾶλλον
547 3329 603 3392 τοῦ
618 3325 805 3404 θανονμίνον
818 3327 916 3414 χάριν

272 3448 399 3514 κλάδοις
413 3445 578 3529 στίφεσθε,
593 3443 693 3511 πίνετ’
709 3444 856 3527 ἀμπίλον
869 3449 971 3529 γάνος,

273 3569 306 3635 εὔ
351 3596 397 3650 μα
411 3565 582 3648 παιανίζεθ
598 3567 640 3632 ὡς
655 3566 812 3652 νικηφόρῳ
826 3588 835 3605 ·

273 3691 357 3769 νίκης
372 3689 465 3772 ἔγωγε
481 3689 645 3774 Καίσαρος
659 3691 785 3767 μᾶλλον
800 3690 902 3771 κυρῶ·

273 3813 369 3877 κεῖνος
384 3809 446 3898 ’γὰρ
461 3808 546 3876 ὀκνεῖ
558 3808 741 3875 κατθανεῖν·
764 3812 850 3896 φιλῶ
866 3808 892 3874 δ’
907 3808 977 3891 ἀράν.

612 3943 628 3978 ς
641 3943 656 3979 2
