2838 4586
530 400 622 454 ΛΝΒ
644 400 794 456 POEMS.

605 975 715 1039 XXV.

296 1175 338 1241 Σὲ
352 1175 376 1240 δ’
393 1175 430 1243 οὐ
445 1175 576 1260 διίξουσ’
594 1176 704 1259 ἡμέραι
718 1178 852 1259 πολλαί,
868 1179 983 1260 τέκνον,

295 1299 351 1362 καί
363 1300 393 1363 ν’
410 1299 508 1364 οὐκέτ’
523 1303 556 1364 ἐν
572 1301 616 1385 τῷ
630 1298 727 1364 παντὶ
740 1301 951 1386 προσβλίφει
965 1300 1069 1386 δρόμῳ

295 1419 311 1485 ό
327 1421 435 1486 πάντα
448 1419 595 1487 λεύσσων
608 1418 726 1486 Ἡλίου
742 1419 856 1486 κόκλος
871 1423 992 1486 πάλιν·

294 1542 356 1608 οὐδ’
373 1543 392 1623 ἡ
407 1543 539 1623 μυδῶσα
554 1543 652 1631 χθών,
667 1543 748 1608 ὅπου
763 1545 851 1610 νάιον
867 1545 958 1609 σέθεν
999 1541 1002 1552 ’

293 1663 467 1745 ἕθάπτομεν
482 1665 653 1740 κλαίοντες,
668 1663 730 1730 οὐδ’
746 1661 763 1729 ό
779 1663 906 1730 πόντιος

293 1789 413 1850 κόλπος
426 1786 467 1849 τὰ
481 1785 567 1850 λοίπ’
583 1789 709 1870 ἐναργὲς
723 1786 856 1872 ἀμφέξει
872 1787 987 1866 δέμας·

293 1907 366 1972 ἀλλ’
382 1907 403 1988 ἥ
418 1907 448 1972 σ’
466 1906 583 1992 ἔθρεψε
601 1907 680 1972 Γαῖα
694 1907 752 1975 τὰς
767 1909 917 1977 Βλάστος
932 1911 1023 1976 σεθὲν

293 2027 359 2092 αὖτ’
375 2026 505 2110 ἀξιώσει
520 2033 686 2109 συμμιγεῖς
699 2026 781 2118 γαίᾳ
795 2031 927 2102 λαβεῖν·

292 2149 368 2214 ὥστ’
382 2149 547 2215 ίιιδεδνκὼς
562 2153 674 2215 πᾶσαν
688 2150 856 2235 ὰνθριόπον
871 2150 979 2235 φύσιν,

291 2270 353 2336 οὐδ’
370 2269 413 2335 ὢν
428 2272 496 2334 κατ’
512 2271 607 2336 αὐτόν
621 2270 725 2351 αὐτός,
741 2270 862 2360 οἰχήσει
880 2274 980 2353 μιγεὶς

291 2390 339 2456 ἀεί
353 2391 497 2457 παλαιάν
511 2396 542 2457 ὃς
557 2391 757 2458 κατάστασιν
771 2393 904 2484 χθονός·

290 2516 420 2596 πέτραις
434 2513 460 2578 δ’
476 2513 614 2600 άδελφδς
628 2515 697 2578 ταῖς
711 2511 910 2595 ἀναισθήτοις
925 2513 1001 2590 ἔστι,

291 2634 486 2723 κάμῃχόνοις
500 2636 669 2715 βώλοισιν,
684 2634 721 2700 ἅς
736 2660 783 2700 τις
797 2633 933 2717 άγρότης

289 2757 436 2841 στρέψας
450 2756 572 2842 ἀρότρῳ
590 2757 674 2841 κάρτ’
691 2755 856 2823 ἐλάκτισεν
871 2754 962 2821 ποδί·

288 2879 373 2957 ῥίζας
388 2877 415 2940 δ’
431 2877 558 2943 ὑπεῖσαι
573 2878 687 2958 μυρίος
701 2877 805 2960 πάντῃ
820 2877 909 2965 δρύες

288 2997 345 3078 τὴν
360 2998 421 3076 σὴν
435 3000 575 3084 περῶσιν
589 2997 784 3078 ἐντετηκότος
799 2999 901 3064 κόνιν·

287 3122 363 3185 ἀλλ’
379 3121 435 3186 οὐκ
449 3124 562 3203 ἐρῆμος
576 3117 642 3184 οὔθ’
658 3118 786 3203 ὁμιλίας
802 3119 878 3208 δίχα

287 3245 399 3329 χωρῶν
412 3246 444 3306 ἐς
458 3241 642 3328 άείφρονρον
655 3241 789 3324 ἐγκείσει
804 3243 906 3329 μυχόν
917 3263 925 3280 ·

289 3368 341 3427 καὶ
357 3363 419 3448 γάρ
434 3363 583 3446 γίροντας
596 3366 653 3443 τῆς
667 3363 737 3428 νέας
751 3362 866 3450 χθοιός
882 3363 974 3428 σεθεν

287 3482 365 3567 ἕξεις
380 3486 557 3550 σννεύνονς·
579 3487 611 3548 όν
627 3483 660 3549 δὲ
674 3485 810 3570 κοίρανοι
826 3488 932 3548 πάλαι

287 3604 550 3692 άρχαιόπλοντσι,
567 3602 623 3693 χοὶ
636 3604 732 3690 σοφοὶ
747 3606 943 3685 κεκμηκότες,

286 3725 400 3793 πολιοί
410 3752 443 3792 τε
457 3725 594 3808 μάντεις,
610 3727 672 3792 τῶν
687 3751 721 3792 τε
736 3726 811 3810 πρὶν
825 3727 946 3806 μορφαὶ
963 3723 1061 3790 καλαὶ

288 3851 343 3929 τῆς
358 3853 415 3930 γῆς
431 3847 541 3936 ἔχουσι
556 3843 643 3912 τόνδε
658 3845 829 3930 πάγκοινον
845 3846 956 3932 τάφον.
