2838 4586
539 373 632 444 ΑΝΙ)
655 391 804 448 Pomm.

641 751 721 816 VII.

145 921 149 942 ¹
172 935 251 1001 AST
267 937 338 1001 aliis
354 958 420 1001 non
437 937 503 1002 ulla
519 938 608 1020 capit
624 938 809 1002 tentamina
824 938 924 1002 molle

172 1057 365 1140 Ingenium:
389 1059 489 1123 modo
504 1068 540 1123 tu
557 1059 704 1134 nimium,
721 1060 822 1124 modo
837 1061 966 1142 parcius
981 1081 1078 1143 aequo

172 1179 301 1242 Feceris
317 1181 433 1256 offici0,
449 1201 617 1262 vanasque
627 1181 832 1262 impenderis
848 1190 943 1245 artes

172 1302 303 1397 Horum
320 1303 419 1385 igitur
434 1303 460 1365 si
477 1303 528 1366 cui
544 1303 714 1366 conaberis
730 1322 803 1366 acre
819 1301 948 1366 locutus

171 1424 314 1506 Captare
330 1425 499 1499 auriculas,
517 1425 624 1506 perdit
639 1445 707 1487 vox
724 1423 792 1488 alta
808 1424 966 1486 tenellum

171 1545 330 1628 Sinciput,
348 1555 384 1610 ut
399 1547 538 1628 strepitu
555 1566 677 1628 magno
693 1545 916 1627 penetrabile:
939 1567 1021 1610 voce

170 1665 206 1730 Si
223 1666 323 1729 modo
339 1667 514 1754 summissd
530 1665 616 1741 saris,
629 1665 699 1747 jam
715 1665 808 1747 plura
825 1667 958 1728 nocebis

170 1786 353 1869 Improbus,
370 1796 403 1851 et
419 1787 534 1851 bombi
551 1786 658 1850 lentos
674 1786 846 1850 imitabere
862 1796 987 1850 cantus.

166 1909 242 1989 Jam
258 1910 396 1972 nimium
413 1909 572 1990 arripiunt
588 1908 692 1971 solem
709 1929 768 1990 per
782 1907 925 1972 claustra
940 1908 1100 1984 fenestrae,

167 2029 213 2093 Et
229 2030 314 2094 male
330 2029 490 2094 sollicitus
506 2030 642 2094 deducis
657 2029 731 2093 vela
746 2050 754 2108 ;
777 2030 836 2094 sed
853 2029 898 2092 illi

167 2152 247 2215 Nox
263 2145 347 2215 ruit:
370 2152 507 2215 hiberno
520 2140 590 2234 jam
607 2161 756 2233 tempore
772 2151 872 2227 frixit,
889 2161 922 2215 et
939 2153 1031 2234 ignes

167 2271 295 2353 Erigis:
319 2272 463 2337 ambusti
479 2273 602 2335 crimen
618 2272 677 2335 tibi
694 2271 751 2335 fiet
767 2273 872 2336 amici.

167 2393 307 2457 Cervina
323 2393 355 2456 in
372 2396 487 2456 mensa
502 2393 622 2471 servet;
645 2393 769 2476 piscem
786 2392 840 2456 ille
857 2394 1008 2475 requirit:

165 2514 202 2578 Si
220 2513 339 2576 mullus
355 2524 503 2595 ponetur,
521 2534 561 2576 eo
576 2533 642 2576 non
658 2522 771 2595 surget
787 2515 897 2576 orexis

165 2634 276 2697 Prima
290 2635 384 2699 cibo:
404 2635 475 2717 jam
491 2635 686 2717 despectum
702 2643 796 2697 vorat
812 2633 922 2696 helluo
939 2634 1072 2715 piscem,

166 2757 310 2839 Ipsaque
323 2757 393 2839 jam
409 2757 539 2820 tumido
549 2742 726 2838 'praestabit
742 2756 843 2818 dama
857 2775 1016 2837 saporem.

163 2877 273 2942 Triste
288 2879 498 2960 supercilium
514 2879 647 2953 interea,
663 2898 723 2941 nec
738 2885 834 2958 grata
847 2876 1000 2959 voluptas
1109 2876 1110 2879 ’

165 3001 219 3064 Fit
234 3022 349 3077 coenae,
365 3002 444 3064 dum
461 3009 580 3063 cuncta
596 2999 695 3063 avido
711 2999 853 3081 deglutit
869 2998 969 3062 hiatu.

163 3116 273 3181 Omne
289 3120 373 3201 perit
388 3119 448 3182 tibi
465 3118 679 3200 propositum,
695 3117 868 3198 victusque
884 3117 1007 3193 residis,

163 3239 198 3304 Si
216 3261 340 3304 morem
356 3249 450 3323 gerat
464 3241 535 3322 ipse
550 3240 622 3314 sibi,
639 3239 699 3301 Dis
715 3238 799 3302 sorte
814 3239 972 3320 benignis

163 3359 212 3424 At
227 3363 394 3444 propriam
410 3362 592 3444 ingeminat
607 3380 719 3423 curam
730 3360 847 3423 miser:
871 3370 972 3442 utque
984 3359 1161 3442 placebant

163 3488 231 3550 Vix
247 3489 404 3564 studium,
420 3508 593 3570 moresque
609 3487 666 3561 tui,
682 3486 744 3549 sibi
761 3506 826 3548 non
842 3485 950 3568 placet
966 3486 1078 3551 hilum.
1147 3457 1149 3464 Ι

166 3607 300 3672 Scilicet
315 3619 374 3682 aut
390 3631 425 3674 se
440 3611 549 3692 ipsum
565 3629 696 3690 semper
710 3628 833 3671 vexare
845 3608 974 3690 juvabit

164 3727 238 3792 Aut
253 3729 355 3795 alios:
379 3751 418 3794 ea
433 3730 505 3794 sola
519 3730 644 3793 homini
658 3729 728 3810 jam
744 3729 851 3810 gratia
867 3737 970 3792 restat

165 3851 216 3914 Tu
234 3852 450 3936 quidcunque
467 3851 555 3930 facis,
571 3852 692 3914 misero
708 3849 904 3932 ingratoque
918 3849 1029 3914 videri.
