2838 4586
515 381 608 437 ΛΝΒ
630 380 781 442 POEMS.

621 849 682 915 VI.

143 1055 336 1128 DIXERAT,
352 1062 454 1136 atque
470 1053 562 1119 illum
578 1054 748 1140 fastusque
763 1057 893 1142 irasque
908 1057 1057 1122 locutum

151 1175 315 1240 Audierat
329 1175 481 1258 populus,
498 1176 683 1260 longusque
698 1199 758 1261 per
772 1200 871 1244 omne
887 1180 1031 1262 remugit

152 1296 336 1362 Concilium
353 1295 481 1370 fremor,
498 1305 531 1360 et
546 1297 635 1361 luctu
651 1307 763 1381 stupet
779 1300 881 1364 inscia
896 1302 1004 1374 turba.

152 1418 213 1483 Ille
229 1417 348 1500 pedem
364 1416 515 1492 reserens,
531 1418 626 1481 hilari
642 1421 795 1502 cingente
809 1424 931 1486 corona

151 1540 354 1605 Cunctantes
381 1539 496 1622 liquit;
519 1539 731 1622 gelidamque
755 1541 845 1604 haud
872 1543 1047 1608 immemor
1073 1563 1145 1606 um-

237 1659 331 1723 bram
432 1681 435 1690 ¹

150 1780 365 1862 Dilectosque
381 1780 465 1862 petit
481 1779 592 1843 lucos:
614 1779 660 1843 ibi
676 1778 821 1843 fluminis
836 1801 948 1846 errans

150 1901 302 1983 Margine
317 1910 478 1984 perpetuo
494 1909 603 1965 mutat
619 1900 765 1982 palmeta
781 1911 903 1978 meatu,

150 2022 250 2086 Felici
267 2041 402 2086 nemora
417 2021 581 2104 hospitio:
603 2024 696 2104 queis
712 2022 781 2086 sole
797 2043 956 2088 cacumen

150 2143 250 2208 Laeve
265 2143 328 2208 sub
344 2142 482 2206 adverso
498 2142 694 2225 resplendet,
710 2144 859 2225 gramine
874 2146 997 2208 caudix

150 2264 329 2347 Lucisugus
345 2265 485 2346 penitus,
500 2264 670 2346 densoque
685 2265 719 2328 in
734 2264 814 2328 flore
829 2265 966 2332 latescit.

148 2385 270 2469 Qualia
285 2385 436 2476 depnsito
452 2385 569 2448 deceat
585 2384 710 2449 fervore
724 2386 901 2466 Juventam

149 2506 307 2582 Incolere,
323 2516 356 2569 et
375 2505 492 2588 longos
508 2526 658 2570 securam
674 2526 807 2589 carpere
822 2529 966 2583 somnos,

149 2627 231 2690 Inve
247 2626 319 2690 dies
335 2626 482 2700 lustrare,
499 2626 602 2708 pedes
618 2647 725 2709 neque
742 2627 868 2692 solvere
885 2629 988 2694 laetos.

150 2747 228 2811 Huc
243 2746 443 2810 succedebat
458 2746 570 2810 medio
586 2767 645 2810 rex
661 2746 740 2809 solis
755 2748 865 2812 abacti

149 2868 328 2944 Curricu10,
344 2870 438 2931 rosea
453 2866 626 2932 devinctus
641 2876 794 2949 tempora
808 2871 902 2946 vitta,

148 2989 367 3072 Ducebatque
382 2988 453 3052 dies
468 2988 593 3070 epulis:
615 2998 660 3065 at,
674 2989 744 3052 sole
759 2992 908 3068 cadente,

147 3110 239 3174 Inter
253 3111 447 3193 tranquillos
463 3119 596 3174 centum
612 3110 735 3174 funalia
751 3111 844 3175 lucos

147 3232 209 3295 Per
224 3253 332 3296 ramos
347 3232 483 3315 vulgata
499 3231 689 3314 umbrisque
704 3232 861 3297 micantia
876 3234 996 3312 lucent,

145 3353 388 3438 Apparentque
403 3355 491 3418 intus
507 3353 656 3417 convivia
671 3353 749 3417 laeta
764 3355 908 3419 tumultu

144 3477 221 3559 Jam
237 3478 356 3554 medio,
372 3484 572 3558 structaeque
587 3475 700 3557 dapes,
715 3484 817 3557 atque
832 3497 889 3540 ora
905 3477 1087 3569 bibentum,

147 3599 192 3663 Et
208 3609 384 3680 spumante
398 3618 478 3662 auro
493 3596 678 3660 carchesia:
701 3617 775 3678 quae
791 3617 889 3678 super
903 3599 972 3664 alto
1038 3631 1041 3636 ¹

146 3719 295 3784 Obtentu
311 3719 399 3796 solia,
415 3728 451 3782 ut
467 3718 559 3781 fusco
575 3716 730 3798 laqueata
746 3717 890 3794 metallo,

145 3840 332 3924 Argenteas
349 3842 453 3905 Lunae
469 3839 600 3903 findunt
617 3837 743 3900 offensa
758 3839 905 3920 sagittas.

590 3969 606 4006 C
625 3969 641 4006 2
