2838 4586
529 382 556 435 Α
585 382 634 435 SA
642 382 745 436 TIRE.

146 561 286 644 Prodiga
303 561 462 643 percussit
477 560 626 634 chordas
642 569 794 623 versante
810 581 954 643 papyros

142 679 199 743 Ad
216 691 332 744 nutum
349 702 468 763 puero:
491 690 563 744 tum
579 681 749 744 immensis
765 681 933 762 plausibus
949 704 1063 750 omnes

143 803 289 874 Finitum
306 803 411 866 melos
426 803 605 886 excipiunt,
622 813 656 867 et
670 803 800 885 singula
816 802 961 868 laudant

142 925 225 988 Tres
240 926 376 989 tandem
393 924 505 1007 fugere
519 924 629 989 horae:
652 934 688 989 tu
704 926 828 989 tristior
843 927 925 1001 exis,

142 1045 192 1109 At
208 1046 306 1110 liber:
330 1067 395 1109 non
411 1068 500 1110 nunc
514 1046 607 1110 lateri
624 1056 681 1110 tua
697 1046 799 1110 futilis
813 1047 917 1111 haeret

143 1167 302 1244 Dextera,
318 1189 383 1230 non
400 1188 526 1231 mancae
541 1176 660 1231 statuae
676 1189 763 1231 nunc
779 1168 887 1251 figeris
904 1161 1026 1247 instar3

144 1287 308 1353 Exarsere
324 1290 415 1372 ignes
431 1289 501 1352 sola
517 1309 583 1351 non
599 1298 696 1353 nocte
711 1291 854 1365 vetandi,

144 1409 189 1473 Et
205 1410 328 1473 lassum
344 1412 511 1494 ingenium
528 1411 631 1475 reficit
646 1413 707 1476 tibi
724 1412 832 1475 sumus
848 1433 969 1476 avenae.

188 1653 360 1719 Sollennes
375 1675 453 1717 vero
468 1675 543 1718 cum
562 1654 844 1718 Commemoratio
859 1674 999 1737 pompas

143 1775 300 1849 Instituit,
316 1785 504 1857 matresque
520 1775 605 1851 tulit,
620 1775 823 1857 gracilesque
838 1796 974 1849 sororeS,

143 1896 227 1960 Cum
242 1906 336 1978 patre
351 1898 526 1979 quaesitam
542 1897 599 1959 vix
616 1897 797 1960 sufficiente
812 1917 1011 1971 crumenam,

143 2019 195 2081 Ne
211 2029 349 2095 nostros,
365 2020 543 2101 peregrine,
560 2019 666 2092 nimis,
683 2039 725 2081 ne
740 2019 873 2100 despice
889 2039 1006 2083 mores,

143 2141 251 2204 Pauca
268 2143 327 2205 tibi
343 2151 511 2224 praecepta
527 2162 653 2217 canam,
669 2163 744 2224 quae
761 2140 844 2205 ferre
860 2152 1035 2207 memento

141 2262 233 2328 Area
247 2264 274 2325 si
290 2263 426 2344 quando
441 2272 476 2326 te
491 2263 615 2344 ceperit
632 2263 703 2344 ipsa
719 2262 864 2338 Theatri,

142 2381 194 2443 Ne
209 2390 298 2462 toga,
316 2401 356 2442 ne
372 2400 504 2442 summo
520 2380 670 2462 quamvis
687 2388 819 2442 textore
834 2380 964 2462 galerus

140 2501 311 2576 Albescat,
326 2502 515 2583 peregrine;
539 2501 629 2564 color
644 2501 838 2564 deterrimus
854 2502 931 2565 albo
947 2512 1004 2566 est.

141 2623 239 2687 Multi
256 2623 426 2686 candentis
442 2623 591 2686 damnati
607 2623 742 2686 crimine
757 2624 857 2686 vestis

141 2747 283 2830 Explosi
299 2747 444 2812 didicere
460 2747 521 2810 loci
538 2767 604 2809 non
620 2756 768 2810 temnere
783 2747 885 2810 divos.

140 2869 233 2933 Neve
250 2869 305 2932 ubi
323 2869 506 2932 Doctorum
522 2869 682 2949 processit
698 2869 817 2943 contio,
835 2878 868 2932 et
884 2869 948 2932 ista

138 2991 328 3073 Acceptura
345 2989 474 3054 Gradus
490 2991 588 3053 series
604 2999 746 3073 augusta
760 2991 913 3066 virorum,

139 3114 276 3187 Mireris‚
292 3114 319 3176 si
335 3113 514 3176 tradendos
529 3113 621 3176 stetit
636 3113 722 3175 inter
735 3111 876 3175 honores

139 3234 227 3299 Tota
243 3233 368 3308 cohors
384 3203 551 3314 utcunque
566 3232 668 3296 velint
684 3232 880 3296 Anabathra
892 3234 1041 3316 jocari—
1101 3259 1103 3264 ·

140 3358 305 3420 Emeritos
321 3354 519 3418 Anabathra
534 3354 619 3418 sales
631 3354 813 3437 jaculantia
828 3357 953 3419 cunctis
966 3376 1019 3418 :-

140 3477 233 3542 Neve
248 3478 338 3560 quod
355 3477 523 3559 eloquium
540 3475 680 3540 fundens
695 3477 738 3539 ad
755 3486 860 3540 rostra
876 3476 1052 3553 Professor,

138 3600 215 3665 Sive
230 3599 291 3662 erit
308 3596 457 3672 Orator?
473 3618 538 3660 non
555 3597 714 3660 exaudita
730 3596 858 3661 locutus

136 3720 247 3784 Verba
263 3739 322 3802 per
336 3718 511 3781 adversum
527 3719 710 3799 strepitum,
727 3738 938 3800 vappamque
949 3719 1109 3802 jocorum,

499 3891 514 3918 ⁴
531 3892 631 3942 Scilicet
643 3892 766 3942 Publicus.
