2838 4586
276 381 294 432 4
593 375 798 429 PERICULA
830 375 956 429 URBIS.

278 545 389 628 Quam
406 547 518 614 docuit
534 551 671 628 Natura,
687 561 721 618 et
736 553 947 618 crebescebat
964 553 996 614 in
1013 550 1069 615 illo

278 667 452 750 Tempore,
468 692 535 753 quo
551 673 652 755 stipat
669 695 735 738 non
751 695 884 738 ornnem
901 673 1024 737 semina
1040 682 1173 737 coeturn.

277 786 328 850 At
344 809 410 852 non
427 790 526 854 Graia
541 791 641 857 hodie
656 794 779 858 cursori
795 795 913 857 sufficit
930 793 986 858 illa

278 908 499 991 Simplicitas:
523 934 590 977 non
606 935 709 996 parva
724 935 837 978 comas
854 915 982 979 evinxit
998 914 1106 980 oliva:

279 1029 455 1095 Concisum
473 1044 647 1117 argentum
664 1037 697 1098 in
713 1035 837 1110 titulos,
856 1037 1080 1119 inscriptaque
1095 1058 1174 1101 vasa

277 1151 417 1218 Praemia
433 1156 595 1219 victorum
611 1165 762 1220 statuunt
776 1177 783 1234 ;
807 1158 955 1240 ingentia
970 1158 1099 1240 pridem

278 1274 454 1357 Ruperunt
470 1277 594 1342 loculos
607 1278 677 1360 jam
695 1278 904 1342 caelatoribus
920 1300 1005 1356 aera;

276 1396 396 1460 Fervet
411 1419 495 1480 opus
510 1399 621 1462 cultris
637 1409 688 1464 tot
703 1400 860 1464 duratura
877 1400 1012 1463 metallo

278 1519 424 1582 Nomina
440 1519 524 1584 felici
540 1519 783 1603 sculpentibus;
807 1542 930 1604 oraque
948 1522 1058 1603 pinxit

279 1639 365 1700 Mira
381 1641 495 1716 virum,
508 1641 671 1724 jussitque
687 1642 754 1704 suis
771 1652 919 1723 prostare
935 1641 1086 1704 fenestris

278 1760 423 1835 institor,
441 1771 474 1824 ct
489 1762 632 1845 grandes
649 1763 810 1826 mirantur
820 1764 970 1845 compita
987 1784 1085 1826 suras

278 1881 361 1964 Quis
377 1904 443 1948 non
459 1883 531 1946 haec
545 1893 680 1966 propter
695 1883 863 1946 sudaverit
879 1883 1021 1946 ultima?
1045 1884 1118 1966 quis
1135 1904 1209 1958 non,
1233 1928 1236 1936 ·

279 2004 438 2069 Horrenti
454 2007 538 2082 nive,
553 2006 626 2088 quis
642 2005 753 2088 gelido
770 2026 835 2067 non
852 2004 980 2068 frixerit
996 2005 1116 2068 imbri?

279 2124 494 2208 Quamquam
510 2135 561 2190 tot
577 2127 693 2208 spatiis
709 2125 825 2208 pulmo
841 2126 940 2188 miser
955 2147 1060 2208 usque
1076 2125 1241 2199 terendus,

279 2248 345 2310 Tot
362 2248 487 2310 nitendi
504 2247 609 2323 orbeS,
625 2256 706 2328 quot
723 2247 802 2309 dum
820 2245 907 2309 male
923 2256 1002 2310 nota
1018 2257 1156 2329 rogaret,

279 2368 336 2430 Nil
354 2367 591 2451 respondentes
607 2367 661 2430 ille
677 2367 810 2449 Appius
826 2367 910 2430 alter
925 2369 1044 2430 arabat
1057 2388 1064 2445 ;

279 2488 372 2572 Quot
387 2510 480 2556 sacra
495 2509 593 2551 mane
609 2488 732 2551 cubant
749 2508 808 2569 per
823 2488 1046 2551 tintinnabula
1062 2487 1195 2561 alumni,

209 2633 212 2637 ·
279 2611 402 2676 Pocula
418 2620 500 2694 quot
512 2611 651 2693 juvenes
668 2609 811 2673 reddunt
828 2619 927 2692 epota
943 2610 1091 2673 disertos.

281 2733 361 2799 Dira
378 2733 589 2796 laborantum
606 2732 730 2794 interea
746 2753 813 2794 vox
830 2741 987 2813 provocat
1003 2750 1123 2812 agmen
1137 2750 1144 2805 ;

278 2855 421 2937 Jamque
438 2856 600 2920 immensa
615 2854 722 2918 virilm
736 2853 867 2934 jactans
883 2853 1061 2934 spiramina
1079 2851 1202 2915 Carnus

281 2975 325 3040 Se
342 2985 442 3057 negat
459 2984 492 3038 et
508 2976 594 3038 binis
610 2983 806 3037 contentum
822 2974 984 3051 millibus;
1009 2994 1087 3055 ergo

279 3098 349 3160 Vos
365 3097 454 3178 agite
471 3095 501 3160 Ο
519 3115 627 3158 rerum
644 3095 763 3177 quibus
780 3095 936 3158 inclinata
953 3094 1113 3158 recumbit

281 3218 393 3283 Gloria
410 3216 616 3281 nostrarum!
640 3215 762 3297 duplici
775 3216 847 3298 jam
864 3217 1006 3298 rumpite
1023 3237 1117 3279 cursu

282 3342 353 3416 Ilia,
366 3341 436 3422 jam
453 3340 600 3422 duplices
616 3339 778 3419 tentigine
794 3338 904 3401 ducite
921 3339 1056 3402 nervos!

282 3465 334 3527 Ite
350 3472 383 3526 et
399 3462 516 3525 nudati
532 3462 595 3525 tria
612 3459 715 3522 millia
730 3460 850 3523 currite
865 3481 872 3536 ;
896 3468 929 3522 et
945 3467 1042 3524 octo:

281 3586 370 3668 Quin
386 3585 497 3666 potius
513 3592 675 3647 tectorum
692 3582 802 3663 apices
818 3581 1029 3644 conscendite
1044 3600 1200 3654 summas

279 3708 396 3771 Victor
411 3715 448 3769 ut
463 3705 584 3771 evadat
602 3704 791 3777 certamine,
808 3703 957 3785 quisquis
973 3702 1016 3766 ab
1032 3703 1099 3766 imo

278 3829 365 3902 Viva
381 3829 573 3920 pavimento
590 3825 742 3894 salientia
758 3845 852 3888 crura
868 3832 1021 3906 reportet.
