2838 4586
517 390 610 443 AND
633 390 783 444 POEMS.

627 949 686 1013 IX.

153 1158 231 1222 EN!
255 1157 331 1222 Rex
347 1157 495 1239 digressu
511 1176 667 1238 supremo
682 1155 784 1218 limen
800 1153 843 1218 ad
859 1155 968 1236 ipsum

78 1299 81 1305 ·
154 1278 407 1344 Conscendebat
437 1298 578 1360 equum:
616 1276 856 1357 monachaeque
886 1275 929 1338 ad
964 1274 1056 1338 frena
1086 1273 1149 1338 sre-

239 1408 388 1482 quentes‚

153 1521 263 1583 Triste
278 1519 504 1595 ministerium,
519 1519 662 1592 stabant,
679 1518 865 1599 dextraque
881 1517 1017 1581 tenebat

153 1642 304 1724 Quaeque
320 1640 441 1704 facem:
464 1640 584 1722 quibus
600 1639 655 1702 ille
671 1639 774 1702 dabat
789 1638 958 1712 mandata,
974 1638 1096 1702 relictae

153 1761 311 1843 Conjugis
328 1770 365 1825 ut
379 1761 483 1824 vitam
500 1761 595 1835 curis,
610 1780 712 1841 quarn
730 1759 839 1840 longa,
855 1757 1011 1822 soverent.

152 1882 240 1945 Turn
255 1880 352 1964 galea
368 1881 492 1944 orantis
507 1900 623 1944 vocem
640 1879 785 1942 demissa
799 1879 994 1960 premebat:

151 2000 265 2065 Aurea
281 2003 332 2064 cui
349 2001 465 2082 patriae
480 2001 642 2064 intortum
659 1998 721 2063 fert
737 2000 836 2062 crista
853 1999 1063 2077 Draconem;

153 2125 225 2186 Nec
239 2124 331 2186 videt
348 2123 404 2186 illa
418 2124 535 2198 virum,
552 2143 612 2185 nec
628 2122 741 2185 divino
757 2123 861 2185 instar
876 2121 909 2183 in
925 2141 991 2198 ore,

152 2245 261 2327 Quale
277 2253 368 2308 erat:
390 2254 426 2308 at
441 2265 609 2308 summum
626 2244 740 2307 nimbo
755 2243 915 2306 irrorante
930 2242 1089 2324 galerum,

152 2366 366 2450 Lychnarum
382 2366 558 2429 adversum
574 2366 674 2428 radiis
690 2364 865 2448 splendere
881 2364 1070 2427 Draconem

151 2486 398 2569 Argumentum
415 2488 530 2569 ingens
546 2487 654 2550 cristae
670 2487 853 2568 spectabat,
869 2494 902 2549 et
918 2486 1022 2549 altum

151 2610 268 2674 Latius
285 2608 424 2682 incendi,
441 2628 500 2671 ceu
517 2608 614 2671 calda
628 2608 813 2690 aspergine,
830 2617 971 2671 noctem.

152 2733 203 2794 At
218 2752 278 2795 rex
294 2751 353 2795 ora
368 2730 484 2794 abiens
497 2729 568 2811 jam
584 2737 657 2792 tum
673 2748 831 2792 conversa
846 2729 983 2792 tenebat
997 2749 1004 2806 ;

62 2877 72 2902 ·
153 2852 263 2934 Quem
278 2851 370 2916 velut
387 2853 567 2914 immanem
584 2849 701 2912 mediis
718 2849 751 2912 in
768 2850 925 2913 Manibus
942 2851 1103 2925 umbram,

154 2974 324 3056 Implicuit
339 2993 444 3055 vapor
459 2973 599 3037 obscura
614 2973 676 3035 sub
692 2970 763 3035 luce
778 2971 920 3046 volutus,

152 3096 299 3160 Orbibus
315 3093 484 3159 involvens
500 3094 616 3157 orbes:
639 3092 694 3156 ille
710 3114 815 3176 usque
829 3093 955 3157 videnti
996 3113 998 3120 ·

154 3217 330 3298 Nigrescit,
342 3216 480 3298 jamque
497 3216 567 3297 ipse
584 3215 654 3278 cavi
671 3215 734 3277 sub
748 3215 895 3296 imagine
911 3215 1015 3279 nimbi

153 3338 254 3401 Visus
269 3338 302 3400 in
317 3336 407 3400 haud
424 3337 560 3400 dubiam
577 3357 621 3399 ex
637 3334 739 3398 oculis
755 3335 907 3399 incedere
922 3345 1064 3402 noctem.
