2838 4586
496 371 589 426 AND
612 371 762 425 POEMS.

584 651 676 714 XIV.

134 847 357 910 DESERIMUS
375 842 514 917 Pharon,
530 851 563 906 et
580 850 698 904 nautas
713 841 860 904 arcentia
875 842 978 924 signa.

178 969 263 1052 Quae
279 966 410 1030 fluitant
426 965 580 1029 brevibus
594 963 791 1027 versicolora
805 964 899 1027 vadis
913 984 921 1041 ;

136 1091 335 1172 Laetitiaque
351 1088 475 1150 micant
490 1085 589 1149 corda
605 1085 817 1160 exsultantia,
833 1086 925 1166 ponti

127 1243 129 1248 ·
181 1211 311 1276 Ultima
326 1209 406 1272 dum
423 1208 591 1291 sequimur
605 1227 706 1288 regna
722 1207 917 1290 Notumque
933 1207 1030 1290 fugai3

136 1335 240 1418 Quels
256 1352 391 1396 curvum
408 1331 508 1404 littus,
526 1329 705 1412 pelagnsve
721 1328 907 1410 legentibus
923 1331 1029 1394 altum

182 1456 311 1521 Cuncta
326 1474 435 1528 sonos,
451 1453 549 1515 facies
565 1461 683 1514 cuncta
699 1451 820 1514 dedere
836 1472 956 1529 novas;

138 1578 210 1640 Nec
226 1576 318 1639 festae
335 1596 395 1638 nos
412 1585 501 1638 meta
517 1575 588 1647 viae,
606 1572 745 1654 finisque
761 1573 904 1653 vagandi

183 1698 357 1775 Continet;
380 1705 540 1759 aeternum
556 1693 676 1756 sufficit
691 1693 779 1755 orbis
796 1693 864 1755 iter.

141 1904 272 1986 saepius
288 1903 350 1967 ah!
374 1901 477 1966 solem
494 1910 566 1964 tum
582 1899 808 1963 condebamus
824 1899 856 1962 in
872 1899 1004 1992 altum,-

186 2027 298 2110 Qnum
314 2046 387 2088 sero
405 2025 587 2106 Hesperias
603 2031 710 2086 ureret
728 2024 804 2105 igne
819 2022 914 2097 iores,

140 2151 258 2232 Atque
273 2170 340 2212 suae
357 2147 439 2211 lucis
456 2147 566 2210 medio
581 2145 624 2209 de
640 2145 722 2209 calle
738 2146 912 2208 cadentem

188 2270 413 2333 Flammarum
429 2276 594 2351 premeret
610 2265 711 2348 longa
726 2265 880 2329 columna
896 2267 1005 2330 deum.

144 2393 274 2476 Saepius
290 2401 323 2456 et
339 2393 434 2456 rosea
449 2399 616 2473 praetexta
632 2389 824 2471 crepuscula
840 2390 913 2453 luce

189 2514 300 2595 Lapsa
317 2512 514 2575 videbamus
530 2511 673 2592 desuper
689 2531 794 2593 usque
809 2509 906 2585 trahi,

145 2636 258 2720 Quum
274 2634 385 2716 pelagi
402 2642 567 2715 praevecta
583 2631 670 2695 latus
687 2633 748 2694 sub
765 2640 862 2695 nocte
879 2632 1028 2713 quietum

191 2757 340 2838 Praeripit
356 2754 521 2818 Auroram
538 2763 650 2817 nostra
666 2754 776 2817 carina
793 2773 921 2816 novam.

148 2968 220 3032 En!
244 2989 329 3031 nova
345 2966 504 3030 continuo
521 2973 662 3040 noctem,
679 2984 780 3047 quam
797 2963 906 3045 longa,
923 2983 1077 3047 supremo

192 3089 339 3171 AEquore
355 3088 397 3152 ab
413 3087 575 3150 undarum
592 3084 699 3148 sidera
714 3085 802 3148 clara
819 3095 916 3148 ruunt
931 3105 938 3161 ;

151 3211 200 3274 Ut
215 3212 280 3274 cita
296 3206 522 3273 conscendunt
538 3207 686 3282 aethram,
702 3207 748 3269 sic
764 3205 858 3269 limes
875 3207 972 3288 aquai

196 3334 352 3396 Limitem
369 3332 402 3393 in
419 3329 593 3405 alternum,
609 3349 693 3392 nave
707 3328 851 3403 volante,
867 3330 964 3391 cadit.

154 3456 249 3519 Luna
265 3456 366 3517 etiam
383 3452 495 3516 inculti
511 3460 603 3514 trans
619 3472 697 3514 arva
713 3450 873 3514 undantia
890 3453 992 3532 ponti,

198 3577 298 3641 Nuda
314 3577 428 3649 aciem,
445 3575 579 3656 longam
594 3575 801 3656 praecipitare
815 3575 924 3650 viam;

155 3700 221 3765 Seu
238 3698 368 3780 lugiens
383 3718 508 3779 parmae
523 3696 615 3759 velut
631 3697 733 3758 umbo
749 3704 926 3776 argenteus
943 3704 1031 3758 atrae'

199 3820 298 3886 Orbis
314 3819 487 3882 inardebat
503 3818 611 3881 cincta
626 3837 748 3898 vapore
764 3815 822 3880 sui.

627 3946 645 3983 D
657 3946 672 3982 2
