2838 4586
288 375 322 439 78
627 374 814 430 TRANSLA
823 375 946 430 TIONS

286 553 383 634 Jussa
398 552 540 640 sequar?
563 553 684 638 quiane
699 553 826 618 auxilio
838 554 933 638 juvat
950 563 1028 619 ante
1044 553 1179 639 levatos,

286 673 332 737 Et
348 674 432 738 bene
447 675 536 757 apud
554 695 717 741 memores
732 678 852 741 veteris
866 686 935 741 stat
949 677 1057 760 gratia
1074 676 1160 740 sacti.

284 795 368 877 Quis
384 817 438 859 me
453 806 575 873 autem,
592 796 643 862 sac
659 797 753 872 velle,
770 798 866 873 sinet,
881 799 1074 881 ratibusque
1089 799 1240 880 superbis

285 915 429 979 invisam
446 916 610 998 accipiet?
632 917 747 993 nescis,
763 916 837 993 heu,
853 918 992 999 perdita,
1007 918 1148 981 necdum

285 1036 544 1100 Laomedonteae
560 1037 663 1100 sentis
679 1038 822 1121 perjuria
837 1039 954 1120 gentis.

283 1158 374 1242 Quid
390 1159 488 1223 tum?
510 1157 582 1224 sola
598 1157 678 1242 suga
693 1168 812 1223 nautas
827 1160 1014 1225 comitabor
1028 1163 1193 1225 ovantes?

282 1280 339 1344 An
356 1281 467 1363 Tyriis
483 1280 641 1363 omnique
657 1301 757 1344 manu
773 1280 898 1363 stipata
914 1301 1064 1345 meorum

283 1402 434 1467 Inferar?
458 1411 492 1466 et
507 1423 592 1486 quos
608 1401 747 1467 Sidonia
762 1403 820 1466 vix
836 1402 917 1465 urbe
932 1402 1057 1479 revelli,

282 1525 409 1588 Rursus
424 1543 523 1606 agam
539 1523 669 1606 pelage,
685 1531 720 1586 et
734 1523 841 1587 ventis
856 1522 937 1586 dare
952 1523 1025 1587 vela
1038 1523 1190 1606 jubebo?
1277 1541 1281 1548 ·

280 1645 370 1729 Quin
386 1665 522 1719 morere,
539 1654 576 1708 ut
592 1645 710 1708 merita
727 1665 771 1720 eS,
786 1643 939 1728 ferroque
953 1656 1066 1709 averte
1081 1645 1241 1710 dolorem.

280 1765 341 1841 Tu,
358 1767 512 1849 lacrymis
529 1765 637 1830 evicta
653 1765 745 1841 meis,
760 1774 796 1828 tu
813 1766 920 1849 prima
937 1765 1100 1829 furentem

281 1886 355 1960 His,
371 1906 538 1968 germana,
556 1885 652 1949 malis
668 1906 794 1962 oneras,
810 1896 911 1968 atque
927 1886 1043 1968 objicis
1059 1886 1169 1950 hosti!

281 2009 359 2072 Non
375 2006 467 2071 licuit
482 2006 621 2071 thalami
638 2015 812 2090 expertem
828 2007 899 2070 sine
913 2007 1050 2070 crimine
1065 2009 1169 2072 vitam

280 2130 420 2214 Degere,
437 2149 528 2194 more
544 2128 630 2205 serae,
646 2128 730 2193 tales
746 2149 807 2193 nec
822 2137 958 2211 tangere
974 2149 1088 2192 curas:

279 2251 357 2316 Non
374 2261 504 2318 servata
520 2250 603 2316 fides
618 2249 718 2316 cineri
734 2251 896 2334 promissa
914 2248 1075 2333 Sychaeo!
